<?xml version="1.0" encoding="UTF-8"?>
<!DOCTYPE html PUBLIC "-//W3C//DTD XHTML 1.0 Transitional//EN"
    "http://www.w3.org/TR/xhtml1/DTD/xhtml1-transitional.dtd">
<html xmlns="http://www.w3.org/1999/xhtml" xml:lang="en" lang="en">
 <head>
  <title>
</title>
<meta http-equiv="Content-Type" content="text/html;charset=utf-8" />
  <meta name='ocr-system' content='tesseract 3.04.00' />
  <meta name='ocr-capabilities' content='ocr_page ocr_carea ocr_par ocr_line ocrx_word'/>
</head>
<body>
  <div class='ocr_page' id='page_1' title='image "./commentatiocrit01karsgoog_0074.png"; bbox 0 0 3092 5084; ppageno 0'>
   <div class='ocr_carea' id='block_1_1' title="bbox 1653 515 1733 575">
    <p class='ocr_par' dir='ltr' id='par_1_1' title="bbox 1653 515 1733 575">
     <span class='ocr_line' id='line_1_1' title="bbox 1653 515 1733 575; baseline 0 0"><span class='ocrx_word' id='word_1_1' title='bbox 1653 515 1733 575; x_wconf 78' lang='lat'><strong>52</strong></span> 
     </span>
    </p>
   </div>
   <div class='ocr_carea' id='block_1_2' title="bbox 653 718 2700 1990">
    <p class='ocr_par' dir='ltr' id='par_1_2' title="bbox 653 718 2700 1990">
     <span class='ocr_line' id='line_1_2' title="bbox 680 718 2699 805; baseline -0 -22"><span class='ocrx_word' id='word_1_2' title='bbox 680 719 954 803; x_wconf 86' lang='lat' dir='ltr'><strong>quaesita</strong></span> <span class='ocrx_word' id='word_1_3' title='bbox 991 718 1340 805; x_wconf 87' lang='lat' dir='ltr'><strong>polyptota:</strong></span> <span class='ocrx_word' id='word_1_4' title='bbox 1389 719 1484 784; x_wconf 83' lang='grc' dir='ltr'><strong>τὸν</strong></span> <span class='ocrx_word' id='word_1_5' title='bbox 1529 719 1665 785; x_wconf 82' lang='grc' dir='ltr'><em>τότε</em></span> <span class='ocrx_word' id='word_1_6' title='bbox 1708 759 1799 770; x_wconf 93' lang='grc'>-</span> <span class='ocrx_word' id='word_1_7' title='bbox 1844 726 1955 786; x_wconf 81' lang='grc' dir='ltr'><strong>τῶν</strong></span> <span class='ocrx_word' id='word_1_8' title='bbox 2002 719 2169 803; x_wconf 80' lang='grc' dir='ltr'><em>τότε,</em></span> <span class='ocrx_word' id='word_1_9' title='bbox 2219 719 2556 803; x_wconf 76' lang='grc' dir='ltr'><em>φευγόντων</em></span> <span class='ocrx_word' id='word_1_10' title='bbox 2601 719 2699 800; x_wconf 81' lang='grc' dir='ltr'><strong>φί-</strong></span> 
     </span>
     <span class='ocr_line' id='line_1_3' title="bbox 675 837 2700 920; baseline 0 -18"><span class='ocrx_word' id='word_1_11' title='bbox 675 854 789 902; x_wconf 79' lang='grc' dir='ltr'><strong>λων</strong></span> <span class='ocrx_word' id='word_1_12' title='bbox 819 877 910 886; x_wconf 86' lang='grc'><strong>--</strong></span> <span class='ocrx_word' id='word_1_13' title='bbox 937 838 1260 920; x_wconf 71' lang='grc' dir='ltr'><em>φεύγοντες</em></span> <span class='ocrx_word' id='word_1_14' title='bbox 1292 839 1478 902; x_wconf 81' lang='grc' dir='ltr'><em>οιῦτοί.</em></span> <span class='ocrx_word' id='word_1_15' title='bbox 1526 837 1912 903; x_wconf 78' lang='lat' dir='ltr'><strong>Postremum</strong></span> <span class='ocrx_word' id='word_1_16' title='bbox 1960 840 2075 903; x_wconf 90' lang='lat' dir='ltr'><strong>hoc</strong></span> <span class='ocrx_word' id='word_1_17' title='bbox 2120 838 2371 902; x_wconf 87' lang='lat' dir='ltr'><strong>verbum</strong></span> <span class='ocrx_word' id='word_1_18' title='bbox 2416 839 2700 902; x_wconf 85' lang='lat' dir='ltr'><strong>iteratum</strong></span> 
     </span>
     <span class='ocr_line' id='line_1_4' title="bbox 677 955 2699 1042; baseline 0 -22"><span class='ocrx_word' id='word_1_19' title='bbox 677 965 768 1020; x_wconf 90' lang='lat' dir='ltr'><strong>est</strong></span> <span class='ocrx_word' id='word_1_20' title='bbox 813 964 1046 1021; x_wconf 87' lang='lat' dir='ltr'><strong>mutata</strong></span> <span class='ocrx_word' id='word_1_21' title='bbox 1087 957 1567 1042; x_wconf 88' lang='lat' dir='ltr'><strong>significatione:</strong></span> <span class='ocrx_word' id='word_1_22' title='bbox 1617 955 1720 1022; x_wconf 69' lang='grc' dir='ltr'><strong>ἕνα</strong></span> <span class='ocrx_word' id='word_1_23' title='bbox 1772 964 1886 1023; x_wconf 83' lang='grc' dir='ltr'><strong>τῶν</strong></span> <span class='ocrx_word' id='word_1_24' title='bbox 1932 957 2270 1040; x_wconf 68' lang='grc' dir='ltr'><em>φευγόντων</em></span> <span class='ocrx_word' id='word_1_25' title='bbox 2315 957 2504 1038; x_wconf 79' lang='grc' dir='ltr'><em>φίλων</em></span> <span class='ocrx_word' id='word_1_26' title='bbox 2551 956 2699 1021; x_wconf 86' lang='lat' dir='ltr'><strong>dicit</strong></span> 
     </span>
     <span class='ocr_line' id='line_1_5' title="bbox 673 1075 2697 1160; baseline -0 -20"><span class='ocrx_word' id='word_1_27' title='bbox 673 1097 864 1141; x_wconf 89' lang='lat' dir='ltr'><strong>unum</strong></span> <span class='ocrx_word' id='word_1_28' title='bbox 911 1099 984 1140; x_wconf 88' lang='lat' dir='ltr'><strong>ex</strong></span> <span class='ocrx_word' id='word_1_29' title='bbox 1029 1079 1317 1141; x_wconf 71' lang='lat' dir='ltr'><strong>accusatis</strong></span> <span class='ocrx_word' id='word_1_30' title='bbox 1331 1126 1350 1155; x_wconf 91' lang='lat'><em>,</em></span> <span class='ocrx_word' id='word_1_31' title='bbox 1397 1075 1693 1141; x_wconf 75' lang='lat' dir='ltr'><strong>Leontem</strong></span> <span class='ocrx_word' id='word_1_32' title='bbox 1742 1076 2141 1142; x_wconf 85' lang='lat' dir='ltr'><strong>Salaminium</strong></span> <span class='ocrx_word' id='word_1_33' title='bbox 2157 1127 2175 1154; x_wconf 90' lang='lat'><em>,</em></span> <span class='ocrx_word' id='word_1_34' title='bbox 2194 1099 2349 1142; x_wconf 89' lang='lat' dir='ltr'><strong>-eum</strong></span> <span class='ocrx_word' id='word_1_35' title='bbox 2380 1099 2564 1160; x_wconf 90' lang='lat' dir='ltr'><strong>quem</strong></span> <span class='ocrx_word' id='word_1_36' title='bbox 2594 1076 2697 1139; x_wconf 85' lang='lat' dir='ltr'><strong>So-</strong></span> 
     </span>
     <span class='ocr_line' id='line_1_6' title="bbox 673 1194 2693 1281; baseline -0 -22"><span class='ocrx_word' id='word_1_37' title='bbox 673 1203 863 1260; x_wconf 88' lang='lat' dir='ltr'><strong>crates</strong></span> <span class='ocrx_word' id='word_1_38' title='bbox 910 1218 945 1258; x_wconf 90' lang='lat' dir='ltr'><strong>a</strong></span> <span class='ocrx_word' id='word_1_39' title='bbox 990 1196 1261 1280; x_wconf 85' lang='lat' dir='ltr'><strong>tyrannis</strong></span> <span class='ocrx_word' id='word_1_40' title='bbox 1300 1197 1510 1281; x_wconf 82' lang='lat' dir='ltr'><strong>jussus</strong></span> <span class='ocrx_word' id='word_1_41' title='bbox 1556 1203 1685 1261; x_wconf 85' lang='lat' dir='ltr'><strong>erat</strong></span> <span class='ocrx_word' id='word_1_42' title='bbox 1735 1198 1996 1275; x_wconf 65' lang='grc' dir='ltr'><em>ἀγαγεῖν</em></span> <span class='ocrx_word' id='word_1_43' title='bbox 2036 1200 2114 1270; x_wconf 82' lang='grc' dir='ltr'><strong>εἷς</strong></span> <span class='ocrx_word' id='word_1_44' title='bbox 2151 1199 2255 1271; x_wconf 70' lang='grc' dir='ltr'><strong>τὴν</strong></span> <span class='ocrx_word' id='word_1_45' title='bbox 2292 1195 2449 1260; x_wconf 79' lang='grc' dir='ltr'><em>θόλον</em></span> <span class='ocrx_word' id='word_1_46' title='bbox 2488 1194 2693 1281; x_wconf 85' lang='lat' dir='ltr'><strong>(Apol.</strong></span> 
     </span>
     <span class='ocr_line' id='line_1_7' title="bbox 653 1314 2693 1401; baseline -0 -23"><span class='ocrx_word' id='word_1_47' title='bbox 653 1337 734 1400; x_wconf 82' lang='lat' dir='ltr'><strong>,P·</strong></span> <span class='ocrx_word' id='word_1_48' title='bbox 784 1317 866 1379; x_wconf 80' lang='lat'><strong>32</strong></span> <span class='ocrx_word' id='word_1_49' title='bbox 910 1314 1005 1401; x_wconf 83' lang='lat' dir='ltr'><strong>O.)</strong></span> <span class='ocrx_word' id='word_1_50' title='bbox 1021 1342 1040 1393; x_wconf 73' lang='grc' dir='ltr'><strong><em>ς</em></strong></span> <span class='ocrx_word' id='word_1_51' title='bbox 1083 1314 1181 1380; x_wconf 77' lang='grc' dir='ltr'><strong>ὅτε</strong></span> <span class='ocrx_word' id='word_1_52' title='bbox 1224 1316 1548 1396; x_wconf 73' lang='grc' dir='ltr'><em>φεύγοντες</em></span> <span class='ocrx_word' id='word_1_53' title='bbox 1595 1314 1948 1396; x_wconf 73' lang='grc' dir='ltr'><em>ἐδυστύχουν</em></span> <span class='ocrx_word' id='word_1_54' title='bbox 1994 1315 2159 1380; x_wconf 69' lang='grc' dir='ltr'><em>αὐτοὶ</em></span> <span class='ocrx_word' id='word_1_55' title='bbox 2214 1321 2361 1379; x_wconf 90' lang='lat' dir='ltr'><strong>sunt</strong></span> <span class='ocrx_word' id='word_1_56' title='bbox 2406 1315 2514 1398; x_wconf 91' lang='lat' dir='ltr'><strong>qui</strong></span> <span class='ocrx_word' id='word_1_57' title='bbox 2558 1322 2693 1378; x_wconf 83' lang='lat' dir='ltr'><strong>tum</strong></span> 
     </span>
     <span class='ocr_line' id='line_1_8' title="bbox 673 1433 2695 1518; baseline -0.001 -20"><span class='ocrx_word' id='word_1_58' title='bbox 673 1435 896 1498; x_wconf 69' lang='lat' dir='ltr'><strong>coemdes</strong></span> <span class='ocrx_word' id='word_1_59' title='bbox 942 1440 1130 1498; x_wconf 87' lang='lat' dir='ltr'><strong>erant.</strong></span> <span class='ocrx_word' id='word_1_60' title='bbox 1224 1433 1414 1498; x_wconf 88' lang='lat' dir='ltr'><strong>Plena</strong></span> <span class='ocrx_word' id='word_1_61' title='bbox 1459 1441 1551 1498; x_wconf 89' lang='lat' dir='ltr'><strong>est</strong></span> <span class='ocrx_word' id='word_1_62' title='bbox 1601 1433 1853 1518; x_wconf 86' lang='lat' dir='ltr'><strong>epistola</strong></span> <span class='ocrx_word' id='word_1_63' title='bbox 1883 1433 2236 1498; x_wconf 86' lang='lat' dir='ltr'><strong>huiusmodi</strong></span> <span class='ocrx_word' id='word_1_64' title='bbox 2268 1434 2585 1498; x_wconf 77' lang='lat' dir='ltr'><strong>rhetorum</strong></span> <span class='ocrx_word' id='word_1_65' title='bbox 2630 1435 2695 1496; x_wconf 90' lang='lat' dir='ltr'><strong>fi-</strong></span> 
     </span>
     <span class='ocr_line' id='line_1_9' title="bbox 675 1525 2695 1638; baseline 0 -23"><span class='ocrx_word' id='word_1_66' title='bbox 675 1553 842 1638; x_wconf 88' lang='lat' dir='ltr'><strong>guris</strong></span> <span class='ocrx_word' id='word_1_67' title='bbox 913 1559 974 1616; x_wconf 89' lang='lat' dir='ltr'><strong>et</strong></span> <span class='ocrx_word' id='word_1_68' title='bbox 1028 1525 1316 1617; x_wconf 63' lang='lat' dir='ltr'><strong>flosculis,</strong></span> <span class='ocrx_word' id='word_1_69' title='bbox 1393 1552 1759 1637; x_wconf 84' lang='lat' dir='ltr'><strong>Exemplum</strong></span> <span class='ocrx_word' id='word_1_70' title='bbox 1828 1552 1973 1616; x_wconf 92' lang='lat' dir='ltr'><strong>huic</strong></span> <span class='ocrx_word' id='word_1_71' title='bbox 2020 1553 2164 1616; x_wconf 88' lang='lat' dir='ltr'><strong>satis</strong></span> <span class='ocrx_word' id='word_1_72' title='bbox 2230 1552 2423 1616; x_wconf 89' lang='lat' dir='ltr'><strong>simile</strong></span> <span class='ocrx_word' id='word_1_73' title='bbox 2469 1552 2695 1636; x_wconf 88' lang='lat' dir='ltr'><strong>legitur</strong></span> 
     </span>
     <span class='ocr_line' id='line_1_10' title="bbox 675 1667 2689 1755; baseline 0.001 -21"><span class='ocrx_word' id='word_1_74' title='bbox 675 1693 734 1755; x_wconf 88' lang='lat' dir='ltr'><strong>p.</strong></span> <span class='ocrx_word' id='word_1_75' title='bbox 787 1672 912 1735; x_wconf 84' lang='lat'><strong>351</strong></span> <span class='ocrx_word' id='word_1_76' title='bbox 962 1670 1056 1733; x_wconf 86' lang='lat' dir='ltr'><strong>D:</strong></span> <span class='ocrx_word' id='word_1_77' title='bbox 1105 1670 1587 1748; x_wconf 64' lang='grc' dir='ltr'><em>διευλαβούμενος</em></span> <span class='ocrx_word' id='word_1_78' title='bbox 1634 1671 1691 1734; x_wconf 80' lang='grc' dir='ltr'><strong>δὲ</strong></span> <span class='ocrx_word' id='word_1_79' title='bbox 1714 1671 1798 1746; x_wconf 67' lang='grc' dir='ltr'><strong>μὴ</strong></span> <span class='ocrx_word' id='word_1_80' title='bbox 1830 1671 2107 1744; x_wconf 63' lang='grc' dir='ltr'><strong>παθεῖν,</strong></span> <span class='ocrx_word' id='word_1_81' title='bbox 2133 1667 2286 1747; x_wconf 76' lang='grc' dir='ltr'><strong>ὅμως</strong></span> <span class='ocrx_word' id='word_1_82' title='bbox 2310 1669 2652 1737; x_wconf 70' lang='grc' dir='ltr'><em>ἔπαισεν..</em></span> <span class='ocrx_word' id='word_1_83' title='bbox 2676 1721 2689 1736; x_wconf 92' lang='grc'><strong>.</strong></span> 
     </span>
     <span class='ocr_line' id='line_1_11' title="bbox 673 1785 2688 1869; baseline 0 -17"><span class='ocrx_word' id='word_1_84' title='bbox 673 1787 1085 1866; x_wconf 69' lang='grc' dir='ltr'><em>θαυμαστὸν</em></span> <span class='ocrx_word' id='word_1_85' title='bbox 1129 1789 1352 1853; x_wconf 70' lang='grc' dir='ltr'><em>παθὼν</em></span> <span class='ocrx_word' id='word_1_86' title='bbox 1399 1789 1629 1854; x_wconf 77' lang='grc' dir='ltr'><em>οὐδέν·</em></span> <span class='ocrx_word' id='word_1_87' title='bbox 1678 1785 1820 1860; x_wconf 76' lang='grc' dir='ltr'><em>ὅσιος</em></span> <span class='ocrx_word' id='word_1_88' title='bbox 1865 1789 1985 1869; x_wconf 69' lang='grc' dir='ltr'><strong>γὰρ</strong></span> <span class='ocrx_word' id='word_1_89' title='bbox 2009 1790 2146 1869; x_wconf 69' lang='grc' dir='ltr'><em>ἀνὴρ</em></span> <span class='ocrx_word' id='word_1_90' title='bbox 2184 1789 2474 1854; x_wconf 84' lang='grc' dir='ltr'><em>ἀνοσίων</em></span> <span class='ocrx_word' id='word_1_91' title='bbox 2506 1790 2688 1869; x_wconf 77' lang='grc' dir='ltr'><em>πὲρι,</em></span> 
     </span>
     <span class='ocr_line' id='line_1_12' title="bbox 673 1905 2693 1990; baseline 0.001 -19"><span class='ocrx_word' id='word_1_92' title='bbox 673 1907 961 1990; x_wconf 79' lang='grc' dir='ltr'><em>σώφρων</em></span> <span class='ocrx_word' id='word_1_93' title='bbox 1005 1933 1072 1972; x_wconf 85' lang='grc' dir='ltr'><strong>τε</strong></span> <span class='ocrx_word' id='word_1_94' title='bbox 1116 1907 1215 1971; x_wconf 66' lang='lat' dir='ltr'><strong>xx}</strong></span> <span class='ocrx_word' id='word_1_95' title='bbox 1277 1905 1598 1990; x_wconf 81' lang='grc' dir='ltr'><em>ἔμφρων,</em></span> <span class='ocrx_word' id='word_1_96' title='bbox 1666 1907 1733 1972; x_wconf 79' lang='grc' dir='ltr'><strong>τὸ</strong></span> <span class='ocrx_word' id='word_1_97' title='bbox 1794 1909 1900 1984; x_wconf 80' lang='grc' dir='ltr'><strong>μὲν</strong></span> <span class='ocrx_word' id='word_1_98' title='bbox 1946 1905 2071 1972; x_wconf 74' lang='grc' dir='ltr'><em>ὅλον</em></span> <span class='ocrx_word' id='word_1_99' title='bbox 2117 1909 2217 1972; x_wconf 79' lang='grc' dir='ltr'><strong>οὐκ</strong></span> <span class='ocrx_word' id='word_1_100' title='bbox 2256 1905 2329 1970; x_wconf 75' lang='grc' dir='ltr'><strong>ἄν</strong></span> <span class='ocrx_word' id='word_1_101' title='bbox 2366 1931 2509 1972; x_wconf 76' lang='grc' dir='ltr'><em>ποτε</em></span> <span class='ocrx_word' id='word_1_102' title='bbox 2570 1909 2693 1973; x_wconf 75' lang='grc' dir='ltr'><em>διοι-</em></span> 
     </span>
    </p>
   </div>
   <div class='ocr_carea' id='block_1_3' title="bbox 550 2013 2692 2106">
    <p class='ocr_par' dir='ltr' id='par_1_3' title="bbox 550 2013 2692 2106">
     <span class='ocr_line' id='line_1_13' title="bbox 550 2013 2692 2106; baseline 0 -17"><span class='ocrx_word' id='word_1_103' title='bbox 550 2013 556 2019; x_wconf 51' lang='grc'><strong>’</strong></span> <span class='ocrx_word' id='word_1_104' title='bbox 671 2025 941 2104; x_wconf 75' lang='grc' dir='ltr'><strong>ψευσθείη</strong></span> <span class='ocrx_word' id='word_1_105' title='bbox 1004 2033 1109 2101; x_wconf 77' lang='grc' dir='ltr'><strong>τῆς</strong></span> <span class='ocrx_word' id='word_1_106' title='bbox 1169 2033 1374 2106; x_wconf 74' lang='grc' dir='ltr'><em>ψυχῆς</em></span> <span class='ocrx_word' id='word_1_107' title='bbox 1435 2031 1546 2090; x_wconf 80' lang='grc' dir='ltr'><strong>τῶν</strong></span> <span class='ocrx_word' id='word_1_108' title='bbox 1606 2024 1942 2091; x_wconf 76' lang='grc' dir='ltr'><em>τοιούτων</em></span> <span class='ocrx_word' id='word_1_109' title='bbox 1996 2024 2187 2105; x_wconf 75' lang='grc' dir='ltr'><em>πέρι,</em></span> <span class='ocrx_word' id='word_1_110' title='bbox 2244 2025 2589 2106; x_wconf 76' lang='grc' dir='ltr'><em>κυβερνήτου</em></span> <span class='ocrx_word' id='word_1_111' title='bbox 2634 2025 2692 2089; x_wconf 74' lang='grc' dir='ltr'><strong>δὲ</strong></span> 
     </span>
    </p>
   </div>
   <div class='ocr_carea' id='block_1_4' title="bbox 671 2141 2691 2820">
    <p class='ocr_par' dir='ltr' id='par_1_4' title="bbox 671 2141 2691 2820">
     <span class='ocr_line' id='line_1_14' title="bbox 671 2141 2587 2221; baseline -0.001 -13"><span class='ocrx_word' id='word_1_112' title='bbox 671 2145 900 2220; x_wconf 71' lang='grc' dir='ltr'><em>ἀγαθοῦ</em></span> <span class='ocrx_word' id='word_1_113' title='bbox 946 2144 1164 2215; x_wconf 75' lang='grc' dir='ltr'><strong>πάθος</strong></span> <span class='ocrx_word' id='word_1_114' title='bbox 1209 2141 1282 2208; x_wconf 69' lang='grc' dir='ltr'><strong>ἂν</strong></span> <span class='ocrx_word' id='word_1_115' title='bbox 1327 2143 1458 2216; x_wconf 79' lang='grc' dir='ltr'><em>ἴσως</em></span> <span class='ocrx_word' id='word_1_116' title='bbox 1507 2146 1580 2209; x_wconf 82' lang='grc' dir='ltr'><strong>οὐ</strong></span> <span class='ocrx_word' id='word_1_117' title='bbox 1626 2143 2038 2221; x_wconf 64' lang='grc' dir='ltr'><em>θαυμαστὸν</em></span> <span class='ocrx_word' id='word_1_118' title='bbox 2084 2145 2142 2208; x_wconf 82' lang='grc' dir='ltr'><strong>εἷ</strong></span> <span class='ocrx_word' id='word_1_119' title='bbox 2188 2143 2393 2208; x_wconf 78' lang='grc' dir='ltr'><strong>πάθοι</strong></span> <span class='ocrx_word' id='word_1_120' title='bbox 2440 2145 2587 2208; x_wconf 81' lang='grc' dir='ltr'><strong>κτὲ.</strong></span> 
     </span>
     <span class='ocr_line' id='line_1_15' title="bbox 762 2260 2690 2346; baseline 0 -22"><span class='ocrx_word' id='word_1_121' title='bbox 762 2260 938 2341; x_wconf 75' lang='lat' dir='ltr'><strong>Quae</strong></span> <span class='ocrx_word' id='word_1_122' title='bbox 985 2262 1164 2325; x_wconf 88' lang='lat' dir='ltr'><strong>attuli</strong></span> <span class='ocrx_word' id='word_1_123' title='bbox 1211 2262 1356 2325; x_wconf 86' lang='lat' dir='ltr'><strong>satis</strong></span> <span class='ocrx_word' id='word_1_124' title='bbox 1404 2261 1769 2339; x_wconf 86' lang='lat' dir='ltr'><strong>ostendunt,</strong></span> <span class='ocrx_word' id='word_1_125' title='bbox 1819 2268 2195 2346; x_wconf 85' lang='lat' dir='ltr'><strong>quantopere</strong></span> <span class='ocrx_word' id='word_1_126' title='bbox 2224 2261 2473 2325; x_wconf 90' lang='lat' dir='ltr'><strong>initium</strong></span> <span class='ocrx_word' id='word_1_127' title='bbox 2505 2261 2690 2346; x_wconf 88' lang='lat' dir='ltr'><strong>hujus</strong></span> 
     </span>
     <span class='ocr_line' id='line_1_16' title="bbox 675 2379 2687 2466; baseline -0 -22"><span class='ocrx_word' id='word_1_128' title='bbox 675 2381 968 2466; x_wconf 90' lang='lat' dir='ltr'><strong>epistolae</strong></span> <span class='ocrx_word' id='word_1_129' title='bbox 1015 2403 1050 2444; x_wconf 85' lang='lat' dir='ltr'><strong>a</strong></span> <span class='ocrx_word' id='word_1_130' title='bbox 1095 2379 1410 2444; x_wconf 85' lang='lat' dir='ltr'><strong>Platonica</strong></span> <span class='ocrx_word' id='word_1_131' title='bbox 1457 2379 1704 2444; x_wconf 86' lang='lat' dir='ltr'><strong>dicendi</strong></span> <span class='ocrx_word' id='word_1_132' title='bbox 1751 2379 2050 2465; x_wconf 82' lang='lat' dir='ltr'><strong>elegantia</strong></span> <span class='ocrx_word' id='word_1_133' title='bbox 2096 2386 2155 2444; x_wconf 92' lang='lat' dir='ltr'><strong>et</strong></span> <span class='ocrx_word' id='word_1_134' title='bbox 2196 2381 2455 2444; x_wconf 89' lang='lat' dir='ltr'><strong>sanitate</strong></span> <span class='ocrx_word' id='word_1_135' title='bbox 2488 2380 2687 2444; x_wconf 86' lang='lat' dir='ltr'><strong>distet.</strong></span> 
     </span>
     <span class='ocr_line' id='line_1_17' title="bbox 674 2498 2691 2586; baseline 0.001 -24"><span class='ocrx_word' id='word_1_136' title='bbox 674 2499 1031 2564; x_wconf 81' lang='lat' dir='ltr'><strong>Rhetoricae</strong></span> <span class='ocrx_word' id='word_1_137' title='bbox 1091 2500 1364 2584; x_wconf 82' lang='lat' dir='ltr'><strong>argutiae</strong></span> <span class='ocrx_word' id='word_1_138' title='bbox 1379 2549 1398 2578; x_wconf 89' lang='lat'><em>,</em></span> <span class='ocrx_word' id='word_1_139' title='bbox 1463 2499 1665 2564; x_wconf 88' lang='lat' dir='ltr'><strong>inanis</strong></span> <span class='ocrx_word' id='word_1_140' title='bbox 1725 2498 2047 2565; x_wconf 86' lang='lat' dir='ltr'><strong>verborum</strong></span> <span class='ocrx_word' id='word_1_141' title='bbox 2103 2498 2509 2564; x_wconf 86' lang='lat' dir='ltr'><strong>redundantia</strong></span> <span class='ocrx_word' id='word_1_142' title='bbox 2525 2549 2544 2577; x_wconf 92' lang='lat'><em>,</em></span> <span class='ocrx_word' id='word_1_143' title='bbox 2592 2523 2691 2586; x_wconf 90' lang='lat' dir='ltr'><strong>pe·</strong></span> 
     </span>
     <span class='ocr_line' id='line_1_18' title="bbox 671 2617 2686 2704; baseline 0 -22"><span class='ocrx_word' id='word_1_144' title='bbox 671 2619 829 2683; x_wconf 86' lang='lat' dir='ltr'><strong>riodi</strong></span> <span class='ocrx_word' id='word_1_145' title='bbox 896 2618 1054 2682; x_wconf 89' lang='lat' dir='ltr'><strong>male</strong></span> <span class='ocrx_word' id='word_1_146' title='bbox 1121 2618 1488 2704; x_wconf 89' lang='lat' dir='ltr'><strong>compositae</strong></span> <span class='ocrx_word' id='word_1_147' title='bbox 1505 2669 1523 2696; x_wconf 90' lang='lat'><strong><em>,</em></strong></span> <span class='ocrx_word' id='word_1_148' title='bbox 1595 2617 1778 2682; x_wconf 84' lang='lat' dir='ltr'><strong>verba</strong></span> <span class='ocrx_word' id='word_1_149' title='bbox 1843 2617 2174 2703; x_wconf 88' lang='lat' dir='ltr'><strong>impropria</strong></span> <span class='ocrx_word' id='word_1_150' title='bbox 2244 2625 2348 2683; x_wconf 84' lang='lat' dir='ltr'><strong>aut</strong></span> <span class='ocrx_word' id='word_1_151' title='bbox 2408 2618 2686 2682; x_wconf 87' lang='lat' dir='ltr'><strong>insolita:</strong></span> 
     </span>
     <span class='ocr_line' id='line_1_19' title="bbox 672 2736 2689 2820; baseline 0 -20"><span class='ocrx_word' id='word_1_152' title='bbox 672 2737 953 2801; x_wconf 90' lang='lat' dir='ltr'><strong>omnibus</strong></span> <span class='ocrx_word' id='word_1_153' title='bbox 1011 2736 1364 2801; x_wconf 89' lang='lat' dir='ltr'><strong>huiusmodi</strong></span> <span class='ocrx_word' id='word_1_154' title='bbox 1411 2737 1577 2800; x_wconf 88' lang='lat' dir='ltr'><strong>vitiis</strong></span> <span class='ocrx_word' id='word_1_155' title='bbox 1623 2742 1855 2802; x_wconf 83' lang='lat' dir='ltr'><strong>scatent</strong></span> <span class='ocrx_word' id='word_1_156' title='bbox 1901 2758 2055 2820; x_wconf 91' lang='lat' dir='ltr'><strong>quos</strong></span> <span class='ocrx_word' id='word_1_157' title='bbox 2102 2737 2499 2800; x_wconf 83' lang='lat' dir='ltr'><strong>tractavimus</strong></span> <span class='ocrx_word' id='word_1_158' title='bbox 2544 2737 2689 2801; x_wconf 88' lang='lat' dir='ltr'><strong>loci.</strong></span> 
     </span>
    </p>
   </div>
   <div class='ocr_carea' id='block_1_5' title="bbox 595 2972 2688 4362">
    <p class='ocr_par' dir='ltr' id='par_1_5' title="bbox 595 2972 2688 4245">
     <span class='ocr_line' id='line_1_20' title="bbox 760 2972 2687 3062; baseline -0.001 -23"><span class='ocrx_word' id='word_1_159' title='bbox 760 2973 932 3056; x_wconf 79' lang='lat' dir='ltr'><strong>Quae</strong></span> <span class='ocrx_word' id='word_1_160' title='bbox 997 2975 1064 3039; x_wconf 91' lang='lat' dir='ltr'><strong>in</strong></span> <span class='ocrx_word' id='word_1_161' title='bbox 1107 2975 1502 3059; x_wconf 88' lang='lat' dir='ltr'><strong>sequentibus</strong></span> <span class='ocrx_word' id='word_1_162' title='bbox 1545 2974 1723 3039; x_wconf 83' lang='lat' dir='ltr'><strong>Plato</strong></span> <span class='ocrx_word' id='word_1_163' title='bbox 1770 2975 1844 3038; x_wconf 82' lang='lat' dir='ltr'><strong>(le</strong></span> <span class='ocrx_word' id='word_1_164' title='bbox 1890 2997 1954 3039; x_wconf 88' lang='lat' dir='ltr'><strong>se</strong></span> <span class='ocrx_word' id='word_1_165' title='bbox 1998 2975 2125 3062; x_wconf 90' lang='lat' dir='ltr'><strong>ipse</strong></span> <span class='ocrx_word' id='word_1_166' title='bbox 2170 2974 2410 3052; x_wconf 90' lang='lat' dir='ltr'><strong>scribit,</strong></span> <span class='ocrx_word' id='word_1_167' title='bbox 2471 2972 2547 3038; x_wconf 88' lang='lat' dir='ltr'><strong>de</strong></span> <span class='ocrx_word' id='word_1_168' title='bbox 2593 2995 2687 3038; x_wconf 90' lang='lat' dir='ltr'><strong>co-</strong></span> 
     </span>
     <span class='ocr_line' id='line_1_21' title="bbox 670 3093 2688 3180; baseline -0 -24"><span class='ocrx_word' id='word_1_169' title='bbox 670 3093 1065 3177; x_wconf 88' lang='lat' dir='ltr'><strong>gitationibus</strong></span> <span class='ocrx_word' id='word_1_170' title='bbox 1125 3094 1251 3158; x_wconf 84' lang='lat' dir='ltr'><strong>suis</strong></span> <span class='ocrx_word' id='word_1_171' title='bbox 1314 3101 1376 3158; x_wconf 90' lang='lat' dir='ltr'><strong>et</strong></span> <span class='ocrx_word' id='word_1_172' title='bbox 1437 3093 1701 3157; x_wconf 82' lang='lat' dir='ltr'><strong>consiliis</strong></span> <span class='ocrx_word' id='word_1_173' title='bbox 1749 3094 1823 3158; x_wconf 82' lang='lat' dir='ltr'><strong>(le</strong></span> <span class='ocrx_word' id='word_1_174' title='bbox 1868 3093 2212 3180; x_wconf 83' lang='lat' dir='ltr'><strong>republica,</strong></span> <span class='ocrx_word' id='word_1_175' title='bbox 2263 3093 2338 3157; x_wconf 82' lang='lat' dir='ltr'><strong>de</strong></span> <span class='ocrx_word' id='word_1_176' title='bbox 2382 3093 2579 3177; x_wconf 87' lang='lat' dir='ltr'><strong>primo</strong></span> <span class='ocrx_word' id='word_1_177' title='bbox 2627 3099 2688 3156; x_wconf 90' lang='lat' dir='ltr'><strong>et</strong></span> 
     </span>
     <span class='ocr_line' id='line_1_22' title="bbox 673 3211 2687 3290; baseline -0.001 -14"><span class='ocrx_word' id='word_1_178' title='bbox 673 3212 862 3277; x_wconf 88' lang='lat' dir='ltr'><strong>altero</strong></span> <span class='ocrx_word' id='word_1_179' title='bbox 923 3213 1140 3277; x_wconf 88' lang='lat' dir='ltr'><strong>itinere</strong></span> <span class='ocrx_word' id='word_1_180' title='bbox 1201 3211 1266 3276; x_wconf 88' lang='lat' dir='ltr'><strong>in</strong></span> <span class='ocrx_word' id='word_1_181' title='bbox 1326 3212 1570 3277; x_wconf 85' lang='lat' dir='ltr'><strong>Italiam</strong></span> <span class='ocrx_word' id='word_1_182' title='bbox 1633 3221 1694 3276; x_wconf 90' lang='lat' dir='ltr'><strong>et</strong></span> <span class='ocrx_word' id='word_1_183' title='bbox 1754 3211 2024 3277; x_wconf 83' lang='lat' dir='ltr'><strong>Siciliam</strong></span> <span class='ocrx_word' id='word_1_184' title='bbox 2038 3262 2057 3290; x_wconf 93' lang='lat'><em>,</em></span> <span class='ocrx_word' id='word_1_185' title='bbox 2122 3211 2198 3277; x_wconf 89' lang='lat' dir='ltr'><strong>de</strong></span> <span class='ocrx_word' id='word_1_186' title='bbox 2245 3211 2687 3277; x_wconf 87' lang='lat' dir='ltr'><strong>consuetudine</strong></span> 
     </span>
     <span class='ocr_line' id='line_1_23' title="bbox 595 3329 2682 3416; baseline 0 -22"><span class='ocrx_word' id='word_1_187' title='bbox 595 3407 600 3414; x_wconf 30' lang='grc' dir='ltr'>Ι</span> <span class='ocrx_word' id='word_1_188' title='bbox 672 3354 784 3395; x_wconf 88' lang='lat' dir='ltr'><strong>sua</strong></span> <span class='ocrx_word' id='word_1_189' title='bbox 845 3353 984 3396; x_wconf 90' lang='lat' dir='ltr'><strong>cum</strong></span> <span class='ocrx_word' id='word_1_190' title='bbox 1030 3330 1230 3395; x_wconf 88' lang='lat' dir='ltr'><strong>Dione</strong></span> <span class='ocrx_word' id='word_1_191' title='bbox 1289 3340 1349 3395; x_wconf 89' lang='lat' dir='ltr'><strong>et</strong></span> <span class='ocrx_word' id='word_1_192' title='bbox 1394 3331 1727 3416; x_wconf 80' lang='lat' dir='ltr'><strong>DionysiO,</strong></span> <span class='ocrx_word' id='word_1_193' title='bbox 1778 3331 1853 3395; x_wconf 82' lang='lat' dir='ltr'><strong>de</strong></span> <span class='ocrx_word' id='word_1_194' title='bbox 1900 3331 2137 3395; x_wconf 87' lang='lat' dir='ltr'><strong>casibus</strong></span> <span class='ocrx_word' id='word_1_195' title='bbox 2184 3330 2325 3415; x_wconf 90' lang='lat' dir='ltr'><strong>qui,</strong></span> <span class='ocrx_word' id='word_1_196' title='bbox 2373 3329 2573 3394; x_wconf 91' lang='lat' dir='ltr'><strong>Dione</strong></span> <span class='ocrx_word' id='word_1_197' title='bbox 2617 3331 2682 3394; x_wconf 88' lang='lat' dir='ltr'><strong>in</strong></span> 
     </span>
     <span class='ocr_line' id='line_1_24' title="bbox 670 3447 2679 3535; baseline 0 -22"><span class='ocrx_word' id='word_1_198' title='bbox 670 3450 950 3515; x_wconf 85' lang='lat' dir='ltr'><strong>exsilium</strong></span> <span class='ocrx_word' id='word_1_199' title='bbox 981 3449 1192 3528; x_wconf 85' lang='lat' dir='ltr'><strong>misso,</strong></span> <span class='ocrx_word' id='word_1_200' title='bbox 1241 3450 1355 3535; x_wconf 91' lang='lat' dir='ltr'><strong>ipsi</strong></span> <span class='ocrx_word' id='word_1_201' title='bbox 1400 3450 1465 3514; x_wconf 92' lang='lat' dir='ltr'><strong>in</strong></span> <span class='ocrx_word' id='word_1_202' title='bbox 1513 3450 1653 3514; x_wconf 85' lang='lat' dir='ltr'><strong>aula</strong></span> <span class='ocrx_word' id='word_1_203' title='bbox 1690 3450 1969 3534; x_wconf 87' lang='lat' dir='ltr'><strong>Dionysii</strong></span> <span class='ocrx_word' id='word_1_204' title='bbox 2010 3449 2254 3534; x_wconf 87' lang='lat' dir='ltr'><strong>degenti</strong></span> <span class='ocrx_word' id='word_1_205' title='bbox 2300 3447 2679 3533; x_wconf 88' lang='lat' dir='ltr'><strong>obtigerunt,</strong></span> 
     </span>
     <span class='ocr_line' id='line_1_25' title="bbox 671 3568 2683 3654; baseline 0 -22"><span class='ocrx_word' id='word_1_206' title='bbox 671 3592 740 3633; x_wconf 91' lang='lat' dir='ltr'><strong>ea</strong></span> <span class='ocrx_word' id='word_1_207' title='bbox 786 3569 1050 3654; x_wconf 89' lang='lat' dir='ltr'><strong>primum</strong></span> <span class='ocrx_word' id='word_1_208' title='bbox 1109 3569 1453 3654; x_wconf 89' lang='lat' dir='ltr'><strong>inspicienti</strong></span> <span class='ocrx_word' id='word_1_209' title='bbox 1497 3569 1754 3632; x_wconf 86' lang='lat' dir='ltr'><strong>forsitan</strong></span> <span class='ocrx_word' id='word_1_210' title='bbox 1798 3568 2095 3654; x_wconf 88' lang='lat' dir='ltr'><strong>gravitate</strong></span> <span class='ocrx_word' id='word_1_211' title='bbox 2140 3568 2577 3632; x_wconf 88' lang='lat' dir='ltr'><strong>sententiarum</strong></span> <span class='ocrx_word' id='word_1_212' title='bbox 2624 3575 2683 3632; x_wconf 89' lang='lat' dir='ltr'><strong>et</strong></span> 
     </span>
     <span class='ocr_line' id='line_1_26' title="bbox 667 3685 2684 3771; baseline -0 -21"><span class='ocrx_word' id='word_1_213' title='bbox 667 3686 986 3752; x_wconf 84' lang='lat' dir='ltr'><strong>verborum</strong></span> <span class='ocrx_word' id='word_1_214' title='bbox 1021 3687 1270 3751; x_wconf 87' lang='lat' dir='ltr'><strong>flumine</strong></span> <span class='ocrx_word' id='word_1_215' title='bbox 1301 3710 1370 3752; x_wconf 86' lang='lat' dir='ltr'><strong>ac</strong></span> <span class='ocrx_word' id='word_1_216' title='bbox 1399 3689 1598 3752; x_wconf 90' lang='lat' dir='ltr'><strong>nitore</strong></span> <span class='ocrx_word' id='word_1_217' title='bbox 1646 3687 2067 3752; x_wconf 87' lang='lat' dir='ltr'><strong>commendare</strong></span> <span class='ocrx_word' id='word_1_218' title='bbox 2098 3709 2161 3750; x_wconf 88' lang='lat' dir='ltr'><strong>se</strong></span> <span class='ocrx_word' id='word_1_219' title='bbox 2190 3686 2541 3764; x_wconf 86' lang='lat' dir='ltr'><strong>videantur,</strong></span> <span class='ocrx_word' id='word_1_220' title='bbox 2577 3685 2684 3771; x_wconf 88' lang='lat' dir='ltr'><strong>qui</strong></span> 
     </span>
     <span class='ocr_line' id='line_1_27' title="bbox 667 3805 2682 3891; baseline 0 -24"><span class='ocrx_word' id='word_1_221' title='bbox 667 3827 809 3868; x_wconf 85' lang='lat' dir='ltr'><strong>vero</strong></span> <span class='ocrx_word' id='word_1_222' title='bbox 860 3805 1148 3870; x_wconf 89' lang='lat' dir='ltr'><strong>attentius</strong></span> <span class='ocrx_word' id='word_1_223' title='bbox 1188 3805 1404 3891; x_wconf 89' lang='lat' dir='ltr'><strong>legerit</strong></span> <span class='ocrx_word' id='word_1_224' title='bbox 1418 3857 1436 3884; x_wconf 89' lang='lat'><em>,</em></span> <span class='ocrx_word' id='word_1_225' title='bbox 1487 3806 1779 3870; x_wconf 85' lang='lat' dir='ltr'><strong>continuo</strong></span> <span class='ocrx_word' id='word_1_226' title='bbox 1825 3806 2047 3870; x_wconf 85' lang='lat' dir='ltr'><strong>sentiet</strong></span> <span class='ocrx_word' id='word_1_227' title='bbox 2076 3827 2147 3869; x_wconf 87' lang='lat' dir='ltr'><strong>ea</strong></span> <span class='ocrx_word' id='word_1_228' title='bbox 2174 3826 2301 3869; x_wconf 91' lang='lat' dir='ltr'><strong>non</strong></span> <span class='ocrx_word' id='word_1_229' title='bbox 2330 3825 2682 3889; x_wconf 84' lang='lat' dir='ltr'><strong>germanum</strong></span> 
     </span>
     <span class='ocr_line' id='line_1_28' title="bbox 665 3923 2687 4009; baseline 0 -22"><span class='ocrx_word' id='word_1_230' title='bbox 665 3923 1015 3990; x_wconf 88' lang='lat' dir='ltr'><strong>Platonicae</strong></span> <span class='ocrx_word' id='word_1_231' title='bbox 1053 3923 1334 3989; x_wconf 87' lang='lat' dir='ltr'><strong>dictionis</strong></span> <span class='ocrx_word' id='word_1_232' title='bbox 1383 3925 1675 4003; x_wconf 87' lang='lat' dir='ltr'><strong>colorem,</strong></span> <span class='ocrx_word' id='word_1_233' title='bbox 1724 3923 1830 3989; x_wconf 86' lang='lat' dir='ltr'><strong>sed</strong></span> <span class='ocrx_word' id='word_1_234' title='bbox 1875 3925 2140 3990; x_wconf 82' lang='lat' dir='ltr'><strong>fucatam</strong></span> <span class='ocrx_word' id='word_1_235' title='bbox 2177 3923 2377 4009; x_wconf 89' lang='lat' dir='ltr'><strong>potius</strong></span> <span class='ocrx_word' id='word_1_236' title='bbox 2422 3923 2687 4009; x_wconf 89' lang='lat' dir='ltr'><strong>speciem·</strong></span> 
     </span>
     <span class='ocr_line' id='line_1_29' title="bbox 665 4040 2677 4140; baseline -0 -35"><span class='ocrx_word' id='word_1_237' title='bbox 665 4041 906 4106; x_wconf 86' lang='lat' dir='ltr'><strong>referre.</strong></span> <span class='ocrx_word' id='word_1_238' title='bbox 968 4040 1172 4108; x_wconf 85' lang='lat' dir='ltr'><strong>Lubet</strong></span> <span class='ocrx_word' id='word_1_239' title='bbox 1209 4042 1468 4128; x_wconf 85' lang='lat' dir='ltr'><strong>exempli</strong></span> <span class='ocrx_word' id='word_1_240' title='bbox 1485 4125 1496 4140; x_wconf 42' lang='lat'><strong>·</strong></span> <span class='ocrx_word' id='word_1_241' title='bbox 1511 4043 1706 4128; x_wconf 88' lang='lat' dir='ltr'><strong>gratia</strong></span> <span class='ocrx_word' id='word_1_242' title='bbox 1743 4041 2074 4107; x_wconf 89' lang='lat' dir='ltr'><strong>nonnullos</strong></span> <span class='ocrx_word' id='word_1_243' title='bbox 2122 4063 2437 4127; x_wconf 87' lang='lat' dir='ltr'><strong>excerpere</strong></span> <span class='ocrx_word' id='word_1_244' title='bbox 2480 4041 2643 4106; x_wconf 87' lang='lat' dir='ltr'><strong>locos</strong></span> <span class='ocrx_word' id='word_1_245' title='bbox 2658 4090 2677 4120; x_wconf 93' lang='lat'><em>,</em></span> 
     </span>
     <span class='ocr_line' id='line_1_30' title="bbox 668 4158 1837 4245; baseline 0.002 -23"><span class='ocrx_word' id='word_1_246' title='bbox 668 4159 891 4244; x_wconf 90' lang='lat' dir='ltr'><strong>quibus</strong></span> <span class='ocrx_word' id='word_1_247' title='bbox 936 4158 1052 4224; x_wconf 92' lang='lat' dir='ltr'><strong>hoc</strong></span> <span class='ocrx_word' id='word_1_248' title='bbox 1089 4159 1390 4245; x_wconf 82' lang='lat' dir='ltr'><strong>judicium</strong></span> <span class='ocrx_word' id='word_1_249' title='bbox 1433 4162 1837 4226; x_wconf 86' lang='lat' dir='ltr'><strong>confirmetur.</strong></span> 
     </span>
    </p>

    <p class='ocr_par' dir='ltr' id='par_1_6' title="bbox 754 4275 2672 4362">
     <span class='ocr_line' id='line_1_31' title="bbox 754 4275 2672 4362; baseline 0 -22"><span class='ocrx_word' id='word_1_250' title='bbox 754 4275 901 4362; x_wconf 89' lang='lat' dir='ltr'><strong>Pag.</strong></span> <span class='ocrx_word' id='word_1_251' title='bbox 944 4279 1068 4343; x_wconf 81' lang='lat'><strong>327</strong></span> <span class='ocrx_word' id='word_1_252' title='bbox 1120 4277 1172 4340; x_wconf 93' lang='lat' dir='ltr'>B</span> <span class='ocrx_word' id='word_1_253' title='bbox 1201 4277 1414 4343; x_wconf 83' lang='lat' dir='ltr'><strong>laudat</strong></span> <span class='ocrx_word' id='word_1_254' title='bbox 1447 4278 1708 4343; x_wconf 90' lang='lat' dir='ltr'><strong>Dionem</strong></span> <span class='ocrx_word' id='word_1_255' title='bbox 1742 4277 2213 4354; x_wconf 86' lang='lat' dir='ltr'><strong>adolescentem,</strong></span> <span class='ocrx_word' id='word_1_256' title='bbox 2257 4275 2453 4359; x_wconf 87' lang='lat' dir='ltr'><strong>quod,</strong></span> <span class='ocrx_word' id='word_1_257' title='bbox 2488 4277 2672 4341; x_wconf 89' lang='lat' dir='ltr'><strong>simu-</strong></span> 
     </span>
    </p>
   </div>
  </div>
 </body>
</html>
