<?xml version="1.0" encoding="UTF-8"?>
<!DOCTYPE html PUBLIC "-//W3C//DTD XHTML 1.0 Transitional//EN"
    "http://www.w3.org/TR/xhtml1/DTD/xhtml1-transitional.dtd">
<html xmlns="http://www.w3.org/1999/xhtml" xml:lang="en" lang="en">
 <head>
  <title>
</title>
<meta http-equiv="Content-Type" content="text/html;charset=utf-8" />
  <meta name='ocr-system' content='tesseract 3.04.00' />
  <meta name='ocr-capabilities' content='ocr_page ocr_carea ocr_par ocr_line ocrx_word'/>
</head>
<body>
  <div class='ocr_page' id='page_1' title='image "./commentatiocrit01karsgoog_0053.png"; bbox 0 0 3092 5084; ppageno 0'>
   <div class='ocr_carea' id='block_1_1' title="bbox 1339 519 1424 580">
    <p class='ocr_par' dir='ltr' id='par_1_1' title="bbox 1339 519 1424 580">
     <span class='ocr_line' id='line_1_1' title="bbox 1339 519 1424 580; baseline -0.012 0"><span class='ocrx_word' id='word_1_1' title='bbox 1339 519 1424 580; x_wconf 83' lang='lat'>35</span> 
     </span>
    </p>
   </div>
   <div class='ocr_carea' id='block_1_2' title="bbox 362 723 2439 3540">
    <p class='ocr_par' dir='ltr' id='par_1_2' title="bbox 362 723 2439 3540">
     <span class='ocr_line' id='line_1_2' title="bbox 375 723 2386 810; baseline 0.002 -24"><span class='ocrx_word' id='word_1_2' title='bbox 375 723 694 800; x_wconf 75' lang='grc' dir='ltr'><em>πειθόμενος</em></span> <span class='ocrx_word' id='word_1_3' title='bbox 762 724 831 807; x_wconf 74' lang='grc' dir='ltr'>ζῇ</span> <span class='ocrx_word' id='word_1_4' title='bbox 897 725 978 790; x_wconf 74' lang='grc' dir='ltr'><em>τοὶ</em></span> <span class='ocrx_word' id='word_1_5' title='bbox 1038 729 1134 790; x_wconf 80' lang='grc' dir='ltr'>νῦν</span> <span class='ocrx_word' id='word_1_6' title='bbox 1192 727 1254 788; x_wconf 81' lang='grc' dir='ltr'><em>οὐ</em></span> <span class='ocrx_word' id='word_1_7' title='bbox 1317 730 1548 810; x_wconf 67' lang='grc' dir='ltr'><em>καλῶς,</em></span> <span class='ocrx_word' id='word_1_8' title='bbox 1603 728 1631 791; x_wconf 81' lang='lat' dir='ltr'>o‘</span> <span class='ocrx_word' id='word_1_9' title='bbox 1682 725 1741 790; x_wconf 75' lang='grc' dir='ltr'>δὲ</span> <span class='ocrx_word' id='word_1_10' title='bbox 1793 725 2115 801; x_wconf 72' lang='grc' dir='ltr'><em>πειθόμενος</em></span> <span class='ocrx_word' id='word_1_11' title='bbox 2156 724 2386 800; x_wconf 80' lang='grc' dir='ltr'><em>τέθνηκε</em></span> 
     </span>
     <span class='ocr_line' id='line_1_3' title="bbox 369 841 2389 930; baseline 0 -24"><span class='ocrx_word' id='word_1_12' title='bbox 369 848 585 916; x_wconf 75' lang='grc' dir='ltr'>καλῶς.</span> <span class='ocrx_word' id='word_1_13' title='bbox 649 841 855 922; x_wconf 80' lang='lat' dir='ltr'>Quam</span> <span class='ocrx_word' id='word_1_14' title='bbox 900 850 1152 927; x_wconf 79' lang='lat' dir='ltr'><strong>argutae</strong></span> <span class='ocrx_word' id='word_1_15' title='bbox 1199 843 1567 921; x_wconf 82' lang='lat' dir='ltr'>antitheseS‚</span> <span class='ocrx_word' id='word_1_16' title='bbox 1617 866 1800 930; x_wconf 87' lang='lat' dir='ltr'>quam</span> <span class='ocrx_word' id='word_1_17' title='bbox 1838 844 2038 929; x_wconf 90' lang='lat' dir='ltr'>lepide</span> <span class='ocrx_word' id='word_1_18' title='bbox 2079 844 2389 908; x_wconf 85' lang='lat' dir='ltr'>ludit-ter-</span> 
     </span>
     <span class='ocr_line' id='line_1_4' title="bbox 367 961 2389 1047; baseline 0.001 -24"><span class='ocrx_word' id='word_1_19' title='bbox 367 961 539 1024; x_wconf 86' lang='lat' dir='ltr'>nario</span> <span class='ocrx_word' id='word_1_20' title='bbox 584 983 866 1026; x_wconf 87' lang='lat' dir='ltr'>numero:</span> <span class='ocrx_word' id='word_1_21' title='bbox 915 962 1134 1043; x_wconf 77' lang='grc' dir='ltr'><strong><em>τρίτους</em></strong></span> <span class='ocrx_word' id='word_1_22' title='bbox 1157 999 1248 1012; x_wconf 90' lang='grc'>-</span> <span class='ocrx_word' id='word_1_23' title='bbox 1268 962 1477 1041; x_wconf 79' lang='grc' dir='ltr'><em>τρίτου.</em></span> <span class='ocrx_word' id='word_1_24' title='bbox 1545 961 1713 1026; x_wconf 89' lang='grc' dir='ltr'><strong>Η1118</strong></span> <span class='ocrx_word' id='word_1_25' title='bbox 1762 961 2105 1047; x_wconf 81' lang='lat' dir='ltr'>digreditur</span> <span class='ocrx_word' id='word_1_26' title='bbox 2136 962 2215 1026; x_wconf 88' lang='lat' dir='ltr'>ad</span> <span class='ocrx_word' id='word_1_27' title='bbox 2244 984 2389 1047; x_wconf 93' lang='lat' dir='ltr'>poe-</span> 
     </span>
     <span class='ocr_line' id='line_1_5' title="bbox 369 1050 2388 1164; baseline 0.001 -23"><span class='ocrx_word' id='word_1_28' title='bbox 369 1101 478 1142; x_wconf 86' lang='lat' dir='ltr'>nas</span> <span class='ocrx_word' id='word_1_29' title='bbox 541 1101 697 1163; x_wconf 89' lang='lat' dir='ltr'>quae</span> <span class='ocrx_word' id='word_1_30' title='bbox 726 1050 881 1164; x_wconf 34' lang='lat' dir='ltr'>&#39;post</span> <span class='ocrx_word' id='word_1_31' title='bbox 923 1086 1183 1144; x_wconf 91' lang='lat' dir='ltr'>mortem</span> <span class='ocrx_word' id='word_1_32' title='bbox 1227 1086 1514 1144; x_wconf 88' lang='lat' dir='ltr'>maneant</span> <span class='ocrx_word' id='word_1_33' title='bbox 1554 1102 1656 1144; x_wconf 92' lang='lat' dir='ltr'>eos</span> <span class='ocrx_word' id='word_1_34' title='bbox 1703 1079 1811 1163; x_wconf 90' lang='lat' dir='ltr'>qui</span> <span class='ocrx_word' id='word_1_35' title='bbox 1856 1080 2112 1146; x_wconf 84' lang='lat' dir='ltr'>libidine</span> <span class='ocrx_word' id='word_1_36' title='bbox 2128 1129 2146 1158; x_wconf 92' lang='lat'>,</span> <span class='ocrx_word' id='word_1_37' title='bbox 2196 1080 2388 1144; x_wconf 85' lang='lat' dir='ltr'>avari-</span> 
     </span>
     <span class='ocr_line' id='line_1_6' title="bbox 370 1197 2391 1285; baseline 0.001 -26"><span class='ocrx_word' id='word_1_38' title='bbox 370 1197 494 1275; x_wconf 86' lang='lat' dir='ltr'>tia,</span> <span class='ocrx_word' id='word_1_39' title='bbox 543 1197 766 1262; x_wconf 90' lang='lat' dir='ltr'>scelere</span> <span class='ocrx_word' id='word_1_40' title='bbox 810 1220 874 1262; x_wconf 93' lang='lat' dir='ltr'>se</span> <span class='ocrx_word' id='word_1_41' title='bbox 917 1197 1271 1282; x_wconf 90' lang='lat' dir='ltr'>polluerint.</span> <span class='ocrx_word' id='word_1_42' title='bbox 1320 1197 1559 1262; x_wconf 87' lang='lat' dir='ltr'>Deinde</span> <span class='ocrx_word' id='word_1_43' title='bbox 1592 1220 1805 1277; x_wconf 85' lang='lat' dir='ltr'>rursus</span> <span class='ocrx_word' id='word_1_44' title='bbox 1837 1199 2209 1285; x_wconf 89' lang='lat' dir='ltr'>vituperatio</span> <span class='ocrx_word' id='word_1_45' title='bbox 2242 1198 2391 1263; x_wconf 92' lang='lat' dir='ltr'>Dio-</span> 
     </span>
     <span class='ocr_line' id='line_1_7' title="bbox 370 1316 2389 1403; baseline -0 -22"><span class='ocrx_word' id='word_1_46' title='bbox 370 1316 530 1400; x_wconf 84' lang='lat' dir='ltr'>nysii</span> <span class='ocrx_word' id='word_1_47' title='bbox 545 1366 563 1394; x_wconf 89' lang='lat'>,</span> <span class='ocrx_word' id='word_1_48' title='bbox 611 1316 883 1381; x_wconf 88' lang='lat' dir='ltr'>laudatio</span> <span class='ocrx_word' id='word_1_49' title='bbox 928 1317 1182 1382; x_wconf 77' lang='lat' dir='ltr'>Dionis:</span> <span class='ocrx_word' id='word_1_50' title='bbox 1226 1317 1656 1402; x_wconf 78' lang='lat' dir='ltr'>praedicantur</span> <span class='ocrx_word' id='word_1_51' title='bbox 1688 1318 1876 1382; x_wconf 91' lang='lat' dir='ltr'>huius</span> <span class='ocrx_word' id='word_1_52' title='bbox 1907 1318 2216 1403; x_wconf 87' lang='lat' dir='ltr'>praeclara</span> <span class='ocrx_word' id='word_1_53' title='bbox 2248 1340 2389 1381; x_wconf 91' lang='lat' dir='ltr'>con-</span> 
     </span>
     <span class='ocr_line' id='line_1_8' title="bbox 369 1433 2386 1522; baseline 0.002 -26"><span class='ocrx_word' id='word_1_54' title='bbox 369 1433 545 1511; x_wconf 87' lang='lat' dir='ltr'>silia,</span> <span class='ocrx_word' id='word_1_55' title='bbox 593 1434 945 1520; x_wconf 81' lang='lat' dir='ltr'>deploratur</span> <span class='ocrx_word' id='word_1_56' title='bbox 991 1435 1190 1500; x_wconf 85' lang='lat' dir='ltr'>exitus</span> <span class='ocrx_word' id='word_1_57' title='bbox 1235 1436 1597 1502; x_wconf 88' lang='lat' dir='ltr'>miserabilis</span> <span class='ocrx_word' id='word_1_58' title='bbox 1646 1437 1753 1521; x_wconf 93' lang='lat' dir='ltr'>qui</span> <span class='ocrx_word' id='word_1_59' title='bbox 1801 1437 2033 1522; x_wconf 90' lang='lat' dir='ltr'>optima</span> <span class='ocrx_word' id='word_1_60' title='bbox 2082 1437 2213 1501; x_wconf 89' lang='lat' dir='ltr'>eius</span> <span class='ocrx_word' id='word_1_61' title='bbox 2246 1459 2386 1500; x_wconf 90' lang='lat' dir='ltr'>con-</span> 
     </span>
     <span class='ocr_line' id='line_1_9' title="bbox 370 1551 2385 1639; baseline 0.002 -24"><span class='ocrx_word' id='word_1_62' title='bbox 370 1551 508 1616; x_wconf 87' lang='lat' dir='ltr'>silia</span> <span class='ocrx_word' id='word_1_63' title='bbox 555 1575 662 1638; x_wconf 91' lang='lat' dir='ltr'>pro</span> <span class='ocrx_word' id='word_1_64' title='bbox 709 1553 1144 1639; x_wconf 79' lang='lat' dir='ltr'>Syracusarum</span> <span class='ocrx_word' id='word_1_65' title='bbox 1183 1555 1461 1620; x_wconf 88' lang='lat' dir='ltr'>libertate</span> <span class='ocrx_word' id='word_1_66' title='bbox 1493 1563 1556 1620; x_wconf 91' lang='lat' dir='ltr'>et</span> <span class='ocrx_word' id='word_1_67' title='bbox 1588 1556 1786 1621; x_wconf 90' lang='lat' dir='ltr'>salute</span> <span class='ocrx_word' id='word_1_68' title='bbox 1820 1556 2118 1620; x_wconf 79' lang='lat' dir='ltr'>everterit.</span> <span class='ocrx_word' id='word_1_69' title='bbox 2153 1554 2385 1619; x_wconf 85' lang='lat' dir='ltr'>Verum</span> 
     </span>
     <span class='ocr_line' id='line_1_10' title="bbox 368 1672 2384 1759; baseline 0.002 -25"><span class='ocrx_word' id='word_1_70' title='bbox 368 1672 572 1735; x_wconf 90' lang='lat' dir='ltr'>missis</span> <span class='ocrx_word' id='word_1_71' title='bbox 633 1672 730 1736; x_wconf 91' lang='lat' dir='ltr'>his</span> <span class='ocrx_word' id='word_1_72' title='bbox 789 1674 1141 1756; x_wconf 81' lang='lat' dir='ltr'>questibuS,</span> <span class='ocrx_word' id='word_1_73' title='bbox 1203 1675 1322 1753; x_wconf 89' lang='lat' dir='ltr'>ait,</span> <span class='ocrx_word' id='word_1_74' title='bbox 1381 1675 1583 1739; x_wconf 81' lang='lat' dir='ltr'>fausta</span> <span class='ocrx_word' id='word_1_75' title='bbox 1628 1675 1879 1759; x_wconf 89' lang='lat' dir='ltr'>loquar:</span> <span class='ocrx_word' id='word_1_76' title='bbox 1930 1677 2289 1757; x_wconf 78' lang='grc' dir='ltr'><em>εὐφημῶμεν</em></span> <span class='ocrx_word' id='word_1_77' title='bbox 2320 1675 2384 1759; x_wconf 93' lang='lat' dir='ltr'>(l.</span> 
     </span>
     <span class='ocr_line' id='line_1_11' title="bbox 367 1773 2385 1878; baseline 0.002 -24"><span class='ocrx_word' id='word_1_78' title='bbox 367 1793 618 1872; x_wconf 69' lang='grc' dir='ltr'><em>εὐφημεῖ)</em></span> <span class='ocrx_word' id='word_1_79' title='bbox 676 1792 804 1876; x_wconf 79' lang='grc' dir='ltr'><em>μὲν)</em></span> <span class='ocrx_word' id='word_1_80' title='bbox 860 1792 1054 1873; x_wconf 66' lang='grc' dir='ltr'><em>χάριν</em></span> <span class='ocrx_word' id='word_1_81' title='bbox 1095 1773 1278 1858; x_wconf 75' lang='grc' dir='ltr'><em>οἰωνοῦ</em></span> <span class='ocrx_word' id='word_1_82' title='bbox 1324 1793 1393 1857; x_wconf 80' lang='grc' dir='ltr'>τὸ</span> <span class='ocrx_word' id='word_1_83' title='bbox 1438 1794 1658 1872; x_wconf 84' lang='grc' dir='ltr'><em>τρίτον,</em></span> <span class='ocrx_word' id='word_1_84' title='bbox 1690 1795 1736 1878; x_wconf 93' lang='grc'>1)</span> <span class='ocrx_word' id='word_1_85' title='bbox 1783 1793 1937 1871; x_wconf 74' lang='grc' dir='ltr'><em>ὅμως</em></span> <span class='ocrx_word' id='word_1_86' title='bbox 1979 1794 2037 1857; x_wconf 77' lang='grc' dir='ltr'>δὲ</span> <span class='ocrx_word' id='word_1_87' title='bbox 2083 1796 2385 1871; x_wconf 80' lang='grc' dir='ltr'><em>μιμεῖσθοιι</em></span> 
     </span>
     <span class='ocr_line' id='line_1_12' title="bbox 368 1908 2389 1995; baseline 0.002 -23"><span class='ocrx_word' id='word_1_88' title='bbox 368 1909 477 1984; x_wconf 81' lang='grc' dir='ltr'><em>μὲν</em></span> <span class='ocrx_word' id='word_1_89' title='bbox 533 1908 915 1988; x_wconf 75' lang='grc' dir='ltr'><strong><em>ξυμβουλεύω</em></strong></span> <span class='ocrx_word' id='word_1_90' title='bbox 962 1912 1156 1978; x_wconf 77' lang='grc' dir='ltr'><em>Δι’ωνοο</em></span> <span class='ocrx_word' id='word_1_91' title='bbox 1203 1913 1336 1990; x_wconf 84' lang='grc' dir='ltr'><em>ὑμῖν</em></span> <span class='ocrx_word' id='word_1_92' title='bbox 1380 1919 1498 1983; x_wconf 84' lang='grc' dir='ltr'><em>τοῖς</em></span> <span class='ocrx_word' id='word_1_93' title='bbox 1543 1912 1737 1995; x_wconf 82' lang='grc' dir='ltr'><em>Φίλοις</em></span> <span class='ocrx_word' id='word_1_94' title='bbox 1780 1914 1885 1988; x_wconf 80' lang='grc' dir='ltr'><em>τήν</em></span> <span class='ocrx_word' id='word_1_95' title='bbox 1931 1938 1998 1976; x_wconf 88' lang='grc' dir='ltr'>τε</span> <span class='ocrx_word' id='word_1_96' title='bbox 2034 1920 2142 1990; x_wconf 77' lang='grc' dir='ltr'>τῆς</span> <span class='ocrx_word' id='word_1_97' title='bbox 2182 1913 2389 1991; x_wconf 77' lang='grc' dir='ltr'><em>ποιτρί-</em></span> 
     </span>
     <span class='ocr_line' id='line_1_13' title="bbox 367 2027 2388 2114; baseline 0.003 -25"><span class='ocrx_word' id='word_1_98' title='bbox 367 2027 458 2098; x_wconf 80' lang='grc' dir='ltr'><em>δος</em></span> <span class='ocrx_word' id='word_1_99' title='bbox 504 2028 723 2093; x_wconf 80' lang='grc' dir='ltr'><em>εὔνοιοιν</em></span> <span class='ocrx_word' id='word_1_100' title='bbox 766 2030 863 2094; x_wconf 70' lang='grc' dir='ltr'>καὶ</span> <span class='ocrx_word' id='word_1_101' title='bbox 909 2031 1013 2102; x_wconf 67' lang='grc' dir='ltr'><em>τὴν</em></span> <span class='ocrx_word' id='word_1_102' title='bbox 1057 2039 1162 2104; x_wconf 76' lang='grc' dir='ltr'>τῆς</span> <span class='ocrx_word' id='word_1_103' title='bbox 1201 2037 1421 2112; x_wconf 78' lang='grc' dir='ltr'><em>τροφῆς</em></span> <span class='ocrx_word' id='word_1_104' title='bbox 1451 2030 1719 2112; x_wconf 68' lang='grc' dir='ltr'><em>σώφρονα</em></span> <span class='ocrx_word' id='word_1_105' title='bbox 1749 2031 1976 2095; x_wconf 77' lang='grc' dir='ltr'><em>δίοιιτοιν</em></span> <span class='ocrx_word' id='word_1_106' title='bbox 1988 2082 2006 2114; x_wconf 84' lang='grc'>,</span> <span class='ocrx_word' id='word_1_107' title='bbox 2042 2031 2137 2095; x_wconf 78' lang='grc' dir='ltr'>ἐπὶ</span> <span class='ocrx_word' id='word_1_108' title='bbox 2172 2031 2388 2110; x_wconf 78' lang='grc' dir='ltr'><em>λῳόνων</em></span> 
     </span>
     <span class='ocr_line' id='line_1_14' title="bbox 367 2145 2381 2235; baseline 0.004 -26"><span class='ocrx_word' id='word_1_109' title='bbox 367 2145 415 2209; x_wconf 75' lang='grc' dir='ltr'>δ’</span> <span class='ocrx_word' id='word_1_110' title='bbox 437 2146 655 2224; x_wconf 79' lang='grc' dir='ltr'><em>ὀρνίθων</em></span> <span class='ocrx_word' id='word_1_111' title='bbox 683 2148 795 2219; x_wconf 70' lang='grc' dir='ltr'><em>τοὶς</em></span> <span class='ocrx_word' id='word_1_112' title='bbox 819 2149 1027 2214; x_wconf 83' lang='grc' dir='ltr'><em>ἐκείνου</em></span> <span class='ocrx_word' id='word_1_113' title='bbox 1049 2149 1354 2226; x_wconf 79' lang='grc' dir='ltr'><em>βουλήσεις</em></span> <span class='ocrx_word' id='word_1_114' title='bbox 1380 2152 1681 2228; x_wconf 70' lang='grc' dir='ltr'><em>πειρᾶσθαι</em></span> <span class='ocrx_word' id='word_1_115' title='bbox 1702 2151 2031 2216; x_wconf 71' lang='grc' dir='ltr'><em>ἀποτελεῖν.</em></span> <span class='ocrx_word' id='word_1_116' title='bbox 2060 2174 2118 2235; x_wconf 93' lang='lat' dir='ltr'>p.</span> <span class='ocrx_word' id='word_1_117' title='bbox 2149 2152 2281 2215; x_wconf 88' lang='grc'>336</span> <span class='ocrx_word' id='word_1_118' title='bbox 2309 2149 2381 2218; x_wconf 91' lang='lat' dir='ltr'>C.</span> 
     </span>
     <span class='ocr_line' id='line_1_15' title="bbox 367 2262 2382 2348; baseline 0.003 -22"><span class='ocrx_word' id='word_1_119' title='bbox 367 2262 761 2348; x_wconf 74' lang='lat' dir='ltr'>Quamquam</span> <span class='ocrx_word' id='word_1_120' title='bbox 805 2266 994 2330; x_wconf 91' lang='lat' dir='ltr'>Dioni</span> <span class='ocrx_word' id='word_1_121' title='bbox 1036 2290 1132 2331; x_wconf 92' lang='lat' dir='ltr'>res</span> <span class='ocrx_word' id='word_1_122' title='bbox 1178 2266 1334 2330; x_wconf 88' lang='lat' dir='ltr'>male</span> <span class='ocrx_word' id='word_1_123' title='bbox 1373 2268 1588 2346; x_wconf 90' lang='lat' dir='ltr'>cessit,</span> <span class='ocrx_word' id='word_1_124' title='bbox 1621 2268 2021 2333; x_wconf 87' lang='lat' dir='ltr'>nihilominus</span> <span class='ocrx_word' id='word_1_125' title='bbox 2050 2269 2382 2333; x_wconf 87' lang='lat' dir='ltr'>imitandae</span> 
     </span>
     <span class='ocr_line' id='line_1_16' title="bbox 369 2383 2382 2471; baseline 0.002 -25"><span class='ocrx_word' id='word_1_126' title='bbox 369 2383 503 2446; x_wconf 91' lang='lat' dir='ltr'>eius</span> <span class='ocrx_word' id='word_1_127' title='bbox 551 2384 804 2447; x_wconf 86' lang='lat' dir='ltr'>virtutes</span> <span class='ocrx_word' id='word_1_128' title='bbox 851 2393 912 2448; x_wconf 94' lang='lat' dir='ltr'>et</span> <span class='ocrx_word' id='word_1_129' title='bbox 958 2385 1336 2470; x_wconf 92' lang='lat' dir='ltr'>sequendum</span> <span class='ocrx_word' id='word_1_130' title='bbox 1369 2386 1750 2471; x_wconf 85' lang='lat' dir='ltr'>exemplum:</span> <span class='ocrx_word' id='word_1_131' title='bbox 1785 2388 2043 2462; x_wconf 67' lang='grc' dir='ltr'><em>ἰσονομία</em></span> <span class='ocrx_word' id='word_1_132' title='bbox 2074 2387 2382 2452; x_wconf 88' lang='lat' dir='ltr'>reddenda</span> 
     </span>
     <span class='ocr_line' id='line_1_17' title="bbox 367 2485 2377 2586; baseline 0.002 -21"><span class='ocrx_word' id='word_1_133' title='bbox 367 2500 646 2580; x_wconf 86' lang='lat' dir='ltr'>Siciliae,</span> <span class='ocrx_word' id='word_1_134' title='bbox 710 2503 982 2586; x_wconf 88' lang='lat' dir='ltr'>undique</span> <span class='ocrx_word' id='word_1_135' title='bbox 1027 2504 1093 2568; x_wconf 93' lang='lat' dir='ltr'>in</span> <span class='ocrx_word' id='word_1_136' title='bbox 1138 2504 1434 2569; x_wconf 86' lang='lat' dir='ltr'>auxilium</span> <span class='ocrx_word' id='word_1_137' title='bbox 1480 2506 1709 2570; x_wconf 86' lang='lat' dir='ltr'>vocatis</span> <span class='ocrx_word' id='word_1_138' title='bbox 1756 2485 1964 2571; x_wconf 87' lang='lat' dir='ltr'>amicis</span> <span class='ocrx_word' id='word_1_139' title='bbox 2012 2499 2084 2570; x_wconf 86' lang='lat' dir='ltr'>et</span> <span class='ocrx_word' id='word_1_140' title='bbox 2118 2506 2295 2571; x_wconf 88' lang='lat' dir='ltr'>sociis</span> <span class='ocrx_word' id='word_1_141' title='bbox 2343 2529 2377 2570; x_wconf 93' lang='grc'><strong>8</strong></span> 
     </span>
     <span class='ocr_line' id='line_1_18' title="bbox 366 2620 2385 2712; baseline 0.003 -28"><span class='ocrx_word' id='word_1_142' title='bbox 366 2620 579 2685; x_wconf 87' lang='lat' dir='ltr'>Sicilia</span> <span class='ocrx_word' id='word_1_143' title='bbox 623 2630 684 2686; x_wconf 90' lang='lat' dir='ltr'>et</span> <span class='ocrx_word' id='word_1_144' title='bbox 726 2621 1146 2712; x_wconf 74' lang='lat' dir='ltr'>Peloponneso</span> <span class='ocrx_word' id='word_1_145' title='bbox 1162 2674 1180 2703; x_wconf 88' lang='lat'>,</span> <span class='ocrx_word' id='word_1_146' title='bbox 1227 2646 1340 2688; x_wconf 91' lang='grc'><strong>1188</strong></span> <span class='ocrx_word' id='word_1_147' title='bbox 1385 2647 1511 2690; x_wconf 86' lang='grc'><strong>11011</strong></span> <span class='ocrx_word' id='word_1_148' title='bbox 1557 2625 1849 2689; x_wconf 89' lang='lat' dir='ltr'>Athenis:</span> <span class='ocrx_word' id='word_1_149' title='bbox 1900 2625 2005 2691; x_wconf 78' lang='grc' dir='ltr'><em>εἰσὶ</em></span> <span class='ocrx_word' id='word_1_150' title='bbox 2054 2627 2172 2707; x_wconf 71' lang='grc' dir='ltr'>γὰρ</span> <span class='ocrx_word' id='word_1_151' title='bbox 2204 2627 2385 2692; x_wconf 69' lang='grc' dir='ltr'><em>κάκεῖ</em></span> 
     </span>
     <span class='ocr_line' id='line_1_19' title="bbox 365 2739 2379 2826; baseline 0.002 -23"><span class='ocrx_word' id='word_1_152' title='bbox 365 2739 604 2804; x_wconf 67' lang='grc' dir='ltr'><em>πάντων</em></span> <span class='ocrx_word' id='word_1_153' title='bbox 667 2741 965 2822; x_wconf 68' lang='grc' dir='ltr'><em>ἀνθρώπων</em></span> <span class='ocrx_word' id='word_1_154' title='bbox 1033 2742 1422 2826; x_wconf 68' lang='grc' dir='ltr'><em>διαφέροντες.</em></span> <span class='ocrx_word' id='word_1_155' title='bbox 1461 2749 1599 2824; x_wconf 83' lang='grc' dir='ltr'><em>πρὸς</em></span> <span class='ocrx_word' id='word_1_156' title='bbox 1666 2745 1873 2825; x_wconf 69' lang='grc' dir='ltr'><em>ἀρετὴν</em></span> <span class='ocrx_word' id='word_1_157' title='bbox 1932 2744 2247 2824; x_wconf 77' lang='grc' dir='ltr'><em>ξενοφόνων</em></span> <span class='ocrx_word' id='word_1_158' title='bbox 2310 2770 2379 2809; x_wconf 89' lang='grc' dir='ltr'>τε</span> 
     </span>
     <span class='ocr_line' id='line_1_20' title="bbox 362 2858 2379 2948; baseline 0.002 -25"><span class='ocrx_word' id='word_1_159' title='bbox 362 2858 574 2937; x_wconf 69' lang='grc' dir='ltr'><em>ἀνδρῶν</em></span> <span class='ocrx_word' id='word_1_160' title='bbox 631 2865 930 2936; x_wconf 80' lang='grc' dir='ltr'><em>μισοῦντες</em></span> <span class='ocrx_word' id='word_1_161' title='bbox 990 2860 1243 2938; x_wconf 78' lang='grc' dir='ltr'><em>τόλμαις.</em></span> <span class='ocrx_word' id='word_1_162' title='bbox 1299 2884 1360 2947; x_wconf 91' lang='lat' dir='ltr'>p.</span> <span class='ocrx_word' id='word_1_163' title='bbox 1411 2864 1540 2925; x_wconf 83' lang='lat'>336</span> <span class='ocrx_word' id='word_1_164' title='bbox 1591 2862 1668 2926; x_wconf 89' lang='lat' dir='ltr'>D.</span> <span class='ocrx_word' id='word_1_165' title='bbox 1763 2864 1850 2927; x_wconf 85' lang='lat' dir='ltr'>At</span> <span class='ocrx_word' id='word_1_166' title='bbox 1892 2885 2035 2926; x_wconf 87' lang='lat' dir='ltr'>vero</span> <span class='ocrx_word' id='word_1_167' title='bbox 2092 2863 2202 2947; x_wconf 86' lang='lat' dir='ltr'>(ita</span> <span class='ocrx_word' id='word_1_168' title='bbox 2248 2885 2379 2948; x_wconf 88' lang='lat' dir='ltr'>per-</span> 
     </span>
     <span class='ocr_line' id='line_1_21' title="bbox 364 2975 2384 3065; baseline 0.003 -27"><span class='ocrx_word' id='word_1_169' title='bbox 364 2976 480 3060; x_wconf 87' lang='lat' dir='ltr'>git)</span> <span class='ocrx_word' id='word_1_170' title='bbox 543 2975 790 3061; x_wconf 87' lang='lat' dir='ltr'>objiciat</span> <span class='ocrx_word' id='word_1_171' title='bbox 842 2979 1012 3061; x_wconf 87' lang='lat' dir='ltr'>quis:</span> <span class='ocrx_word' id='word_1_172' title='bbox 1086 2980 1203 3043; x_wconf 87' lang='lat' dir='ltr'>ista</span> <span class='ocrx_word' id='word_1_173' title='bbox 1265 2981 1331 3044; x_wconf 88' lang='lat' dir='ltr'>in</span> <span class='ocrx_word' id='word_1_174' title='bbox 1377 2988 1691 3065; x_wconf 89' lang='lat' dir='ltr'>posterum</span> <span class='ocrx_word' id='word_1_175' title='bbox 1736 3003 1914 3046; x_wconf 88' lang='lat' dir='ltr'>curae</span> <span class='ocrx_word' id='word_1_176' title='bbox 1961 2988 2169 3059; x_wconf 89' lang='lat' dir='ltr'>erunt,</span> <span class='ocrx_word' id='word_1_177' title='bbox 2217 3003 2384 3045; x_wconf 90' lang='lat' dir='ltr'>nunc</span> 
     </span>
     <span class='ocr_line' id='line_1_22' title="bbox 364 3097 2384 3181; baseline 0.002 -24"><span class='ocrx_word' id='word_1_178' title='bbox 364 3116 509 3158; x_wconf 88' lang='lat' dir='ltr'>vero</span> <span class='ocrx_word' id='word_1_179' title='bbox 555 3101 796 3180; x_wconf 90' lang='lat' dir='ltr'>tempus</span> <span class='ocrx_word' id='word_1_180' title='bbox 835 3105 1014 3180; x_wconf 87' lang='lat' dir='ltr'>urget</span> <span class='ocrx_word' id='word_1_181' title='bbox 1053 3119 1164 3160; x_wconf 92' lang='lat' dir='ltr'>nec</span> <span class='ocrx_word' id='word_1_182' title='bbox 1214 3097 1575 3181; x_wconf 87' lang='lat' dir='ltr'>quotidiana</span> <span class='ocrx_word' id='word_1_183' title='bbox 1619 3099 1874 3163; x_wconf 89' lang='lat' dir='ltr'>discidia</span> <span class='ocrx_word' id='word_1_184' title='bbox 1919 3105 1981 3162; x_wconf 91' lang='lat' dir='ltr'>et</span> <span class='ocrx_word' id='word_1_185' title='bbox 2025 3098 2162 3163; x_wconf 89' lang='lat' dir='ltr'>lites</span> <span class='ocrx_word' id='word_1_186' title='bbox 2203 3121 2384 3163; x_wconf 87' lang='lat' dir='ltr'>cunc-</span> 
     </span>
     <span class='ocr_line' id='line_1_23' title="bbox 365 3187 2384 3302; baseline 0.002 -26"><span class='ocrx_word' id='word_1_187' title='bbox 365 3214 485 3278; x_wconf 85' lang='lat' dir='ltr'>tari</span> <span class='ocrx_word' id='word_1_188' title='bbox 529 3236 642 3277; x_wconf 91' lang='lat' dir='ltr'>nos</span> <span class='ocrx_word' id='word_1_189' title='bbox 689 3187 918 3279; x_wconf 78' lang='lat' dir='ltr'>sinunt.</span> <span class='ocrx_word' id='word_1_190' title='bbox 1012 3215 1110 3279; x_wconf 91' lang='lat' dir='ltr'>Ad</span> <span class='ocrx_word' id='word_1_191' title='bbox 1157 3216 1305 3280; x_wconf 87' lang='lat' dir='ltr'>haec</span> <span class='ocrx_word' id='word_1_192' title='bbox 1353 3217 1500 3281; x_wconf 90' lang='lat' dir='ltr'>audi</span> <span class='ocrx_word' id='word_1_193' title='bbox 1545 3217 1696 3302; x_wconf 90' lang='lat' dir='ltr'>quid</span> <span class='ocrx_word' id='word_1_194' title='bbox 1741 3217 2124 3302; x_wconf 87' lang='lat' dir='ltr'>respondeat.</span> <span class='ocrx_word' id='word_1_195' title='bbox 2218 3217 2384 3280; x_wconf 90' lang='lat' dir='ltr'>Scire</span> 
     </span>
     <span class='ocr_line' id='line_1_24' title="bbox 368 3334 2439 3420; baseline 0.002 -25"><span class='ocrx_word' id='word_1_196' title='bbox 368 3339 645 3417; x_wconf 88' lang='lat' dir='ltr'>oportet,</span> <span class='ocrx_word' id='word_1_197' title='bbox 715 3334 949 3398; x_wconf 89' lang='lat' dir='ltr'>nullam</span> <span class='ocrx_word' id='word_1_198' title='bbox 1011 3335 1180 3420; x_wconf 86' lang='lat' dir='ltr'>prius</span> <span class='ocrx_word' id='word_1_199' title='bbox 1234 3336 1362 3400; x_wconf 88' lang='lat' dir='ltr'>fore</span> <span class='ocrx_word' id='word_1_200' title='bbox 1430 3337 1893 3402; x_wconf 90' lang='lat' dir='ltr'>contentionum</span> <span class='ocrx_word' id='word_1_201' title='bbox 1955 3338 2134 3401; x_wconf 90' lang='lat' dir='ltr'>finem</span> <span class='ocrx_word' id='word_1_202' title='bbox 2198 3359 2381 3420; x_wconf 89' lang='lat' dir='ltr'>quam</span> <span class='ocrx_word' id='word_1_203' title='bbox 2434 3387 2439 3392; x_wconf 90' lang='lat'><strong>.</strong></span> 
     </span>
     <span class='ocr_line' id='line_1_25' title="bbox 368 3450 2383 3540; baseline 0.001 -25"><span class='ocrx_word' id='word_1_204' title='bbox 368 3451 626 3516; x_wconf 86' lang='lat' dir='ltr'>victores</span> <span class='ocrx_word' id='word_1_205' title='bbox 687 3450 995 3518; x_wconf 88' lang='lat' dir='ltr'>moderate</span> <span class='ocrx_word' id='word_1_206' title='bbox 1057 3462 1116 3518; x_wconf 93' lang='lat' dir='ltr'>et</span> <span class='ocrx_word' id='word_1_207' title='bbox 1179 3455 1482 3540; x_wconf 84' lang='lat' dir='ltr'>sapienter</span> <span class='ocrx_word' id='word_1_208' title='bbox 1543 3479 1607 3520; x_wconf 93' lang='lat' dir='ltr'>se</span> <span class='ocrx_word' id='word_1_209' title='bbox 1664 3463 1878 3540; x_wconf 87' lang='lat' dir='ltr'>gerant</span> <span class='ocrx_word' id='word_1_210' title='bbox 1938 3461 1999 3520; x_wconf 89' lang='lat' dir='ltr'>et</span> <span class='ocrx_word' id='word_1_211' title='bbox 2061 3455 2249 3526; x_wconf 86' lang='lat' dir='ltr'>victos</span> <span class='ocrx_word' id='word_1_212' title='bbox 2305 3455 2383 3519; x_wconf 89' lang='lat' dir='ltr'>ad</span> 
     </span>
    </p>
   </div>
   <div class='ocr_carea' id='block_1_3' title="bbox 375 3579 762 3590">
    <p class='ocr_par' dir='ltr' id='par_1_3' title="bbox 375 3579 762 3590">
     <span class='ocr_line' id='line_1_26' title="bbox 375 3579 762 3590; baseline 0 1494"><span class='ocrx_word' id='word_1_213' title='bbox 375 3579 762 3590; x_wconf 95' lang='lat' dir='ltr'> </span> 
     </span>
    </p>
   </div>
   <div class='ocr_carea' id='block_1_4' title="bbox 367 3640 2388 4379">
    <p class='ocr_par' dir='ltr' id='par_1_4' title="bbox 367 3640 2388 4379">
     <span class='ocr_line' id='line_1_27' title="bbox 437 3640 2382 3710; baseline 0.001 -23"><span class='ocrx_word' id='word_1_214' title='bbox 437 3640 487 3700; x_wconf 86' lang='lat'>1)</span> <span class='ocrx_word' id='word_1_215' title='bbox 535 3640 610 3688; x_wconf 83' lang='lat' dir='ltr'>En</span> <span class='ocrx_word' id='word_1_216' title='bbox 655 3655 819 3689; x_wconf 86' lang='lat' dir='ltr'>rursus</span> <span class='ocrx_word' id='word_1_217' title='bbox 862 3645 917 3693; x_wconf 77' lang='grc' dir='ltr'>τὸ</span> <span class='ocrx_word' id='word_1_218' title='bbox 962 3643 1129 3710; x_wconf 74' lang='grc' dir='ltr'><em>τρίτον.</em></span> <span class='ocrx_word' id='word_1_219' title='bbox 1191 3641 1372 3691; x_wconf 88' lang='lat' dir='ltr'>Crebro</span> <span class='ocrx_word' id='word_1_220' title='bbox 1407 3642 1498 3690; x_wconf 86' lang='lat' dir='ltr'>hoc</span> <span class='ocrx_word' id='word_1_221' title='bbox 1534 3656 1732 3691; x_wconf 87' lang='lat' dir='ltr'>numero</span> <span class='ocrx_word' id='word_1_222' title='bbox 1765 3641 1891 3692; x_wconf 87' lang='lat' dir='ltr'>ludit</span> <span class='ocrx_word' id='word_1_223' title='bbox 1924 3645 2115 3700; x_wconf 79' lang='lat' dir='ltr'>noster,</span> <span class='ocrx_word' id='word_1_224' title='bbox 2157 3641 2382 3690; x_wconf 85' lang='lat' dir='ltr'>nimirum</span> 
     </span>
     <span class='ocr_line' id='line_1_28' title="bbox 370 3735 2388 3803; baseline 0.001 -21"><span class='ocrx_word' id='word_1_225' title='bbox 370 3735 483 3797; x_wconf 86' lang='lat' dir='ltr'>quia</span> <span class='ocrx_word' id='word_1_226' title='bbox 532 3735 692 3785; x_wconf 85' lang='lat' dir='ltr'>nescio</span> <span class='ocrx_word' id='word_1_227' title='bbox 739 3736 852 3800; x_wconf 88' lang='lat' dir='ltr'>quid</span> <span class='ocrx_word' id='word_1_228' title='bbox 902 3738 1057 3784; x_wconf 83' lang='lat' dir='ltr'>arcani</span> <span class='ocrx_word' id='word_1_229' title='bbox 1108 3737 1156 3785; x_wconf 87' lang='lat' dir='ltr'>in</span> <span class='ocrx_word' id='word_1_230' title='bbox 1208 3737 1298 3786; x_wconf 91' lang='lat' dir='ltr'>hoc</span> <span class='ocrx_word' id='word_1_231' title='bbox 1343 3737 1496 3786; x_wconf 82' lang='lat' dir='ltr'>inesse</span> <span class='ocrx_word' id='word_1_232' title='bbox 1542 3737 1816 3803; x_wconf 85' lang='lat' dir='ltr'>putabatur.</span> <span class='ocrx_word' id='word_1_233' title='bbox 1852 3736 1959 3786; x_wconf 85' lang='lat' dir='ltr'>Vid.</span> <span class='ocrx_word' id='word_1_234' title='bbox 1993 3752 2041 3801; x_wconf 87' lang='lat' dir='ltr'>p.</span> <span class='ocrx_word' id='word_1_235' title='bbox 2077 3737 2173 3784; x_wconf 82' lang='lat'>334</span> <span class='ocrx_word' id='word_1_236' title='bbox 2209 3736 2272 3784; x_wconf 88' lang='lat' dir='ltr'>C:</span> <span class='ocrx_word' id='word_1_237' title='bbox 2308 3743 2388 3797; x_wconf 73' lang='grc' dir='ltr'>τὴν</span> 
     </span>
     <span class='ocr_line' id='line_1_29' title="bbox 367 3830 2384 3901; baseline 0 -23"><span class='ocrx_word' id='word_1_238' title='bbox 367 3832 507 3888; x_wconf 75' lang='grc' dir='ltr'><em>αὐτὴν</em></span> <span class='ocrx_word' id='word_1_239' title='bbox 537 3832 793 3897; x_wconf 77' lang='grc' dir='ltr'><em>ξυμβουλὴν</em></span> <span class='ocrx_word' id='word_1_240' title='bbox 824 3835 899 3882; x_wconf 77' lang='grc' dir='ltr'>καὶ</span> <span class='ocrx_word' id='word_1_241' title='bbox 934 3834 1057 3895; x_wconf 71' lang='grc' dir='ltr'><em>λόγον</em></span> <span class='ocrx_word' id='word_1_242' title='bbox 1089 3835 1163 3882; x_wconf 81' lang='grc' dir='ltr'><em>τὸν</em></span> <span class='ocrx_word' id='word_1_243' title='bbox 1195 3833 1325 3882; x_wconf 76' lang='grc' dir='ltr'><em>αὐτὸν</em></span> <span class='ocrx_word' id='word_1_244' title='bbox 1353 3834 1493 3896; x_wconf 71' lang='grc' dir='ltr'><em>λέγων</em></span> <span class='ocrx_word' id='word_1_245' title='bbox 1522 3833 1610 3891; x_wconf 80' lang='grc' dir='ltr'>ἤδη</span> <span class='ocrx_word' id='word_1_246' title='bbox 1642 3834 1797 3901; x_wconf 72' lang='grc' dir='ltr'><em>τρίτον</em></span> <span class='ocrx_word' id='word_1_247' title='bbox 1829 3834 2004 3900; x_wconf 78' lang='grc' dir='ltr'><em>τρίτοις</em></span> <span class='ocrx_word' id='word_1_248' title='bbox 2039 3832 2159 3895; x_wconf 77' lang='grc' dir='ltr'><em>ὑμῖν.</em></span> <span class='ocrx_word' id='word_1_249' title='bbox 2201 3846 2249 3895; x_wconf 85' lang='grc' dir='ltr'>Ρ.</span> <span class='ocrx_word' id='word_1_250' title='bbox 2287 3830 2384 3879; x_wconf 81' lang='lat'>340</span> 
     </span>
     <span class='ocr_line' id='line_1_30' title="bbox 373 3924 2384 3996; baseline 0 -22"><span class='ocrx_word' id='word_1_251' title='bbox 373 3929 440 3974; x_wconf 74' lang='lat' dir='ltr'>A:</span> <span class='ocrx_word' id='word_1_252' title='bbox 477 3930 613 3976; x_wconf 73' lang='grc' dir='ltr'><em>ἐλθὼν</em></span> <span class='ocrx_word' id='word_1_253' title='bbox 652 3925 765 3976; x_wconf 80' lang='grc' dir='ltr'><em>δὀὖν</em></span> <span class='ocrx_word' id='word_1_254' title='bbox 795 3931 857 3978; x_wconf 84' lang='grc' dir='ltr'>τὸ</span> <span class='ocrx_word' id='word_1_255' title='bbox 889 3930 1111 3996; x_wconf 74' lang='grc' dir='ltr'><em>τρίτον,</em></span> <span class='ocrx_word' id='word_1_256' title='bbox 1139 3937 1206 3992; x_wconf 82' lang='grc' dir='ltr'>τῷ</span> <span class='ocrx_word' id='word_1_257' title='bbox 1230 3937 1405 3995; x_wconf 82' lang='grc' dir='ltr'><em>σωτῆρι</em></span> <span class='ocrx_word' id='word_1_258' title='bbox 1425 3931 1561 3978; x_wconf 79' lang='grc' dir='ltr'><em>τοῦτο</em></span> <span class='ocrx_word' id='word_1_259' title='bbox 1582 3924 1695 3991; x_wconf 76' lang='grc' dir='ltr'><em>γὀὗν</em></span> <span class='ocrx_word' id='word_1_260' title='bbox 1719 3929 1904 3996; x_wconf 73' lang='grc' dir='ltr'><em>ἔπραξα</em></span> <span class='ocrx_word' id='word_1_261' title='bbox 1925 3927 2073 3984; x_wconf 76' lang='grc' dir='ltr'><em>ὅντως.</em></span> <span class='ocrx_word' id='word_1_262' title='bbox 2112 3926 2219 3974; x_wconf 85' lang='lat' dir='ltr'>Vid.</span> <span class='ocrx_word' id='word_1_263' title='bbox 2239 3925 2384 3975; x_wconf 79' lang='lat' dir='ltr'>etiam</span> 
     </span>
     <span class='ocr_line' id='line_1_31' title="bbox 375 4022 2387 4092; baseline 0.001 -23"><span class='ocrx_word' id='word_1_264' title='bbox 375 4039 420 4086; x_wconf 88' lang='lat' dir='ltr'>p.</span> <span class='ocrx_word' id='word_1_265' title='bbox 457 4023 568 4070; x_wconf 83' lang='lat'><strong>345.</strong></span> <span class='ocrx_word' id='word_1_266' title='bbox 603 4025 646 4070; x_wconf 89' lang='lat' dir='ltr'>A</span> <span class='ocrx_word' id='word_1_267' title='bbox 679 4022 737 4072; x_wconf 90' lang='grc' dir='ltr'>Β.</span> <span class='ocrx_word' id='word_1_268' title='bbox 784 4029 927 4092; x_wconf 79' lang='grc' dir='ltr'><em>Χάριν</em></span> <span class='ocrx_word' id='word_1_269' title='bbox 956 4027 1106 4073; x_wconf 75' lang='grc' dir='ltr'><em>οἰωνοῦ</em></span> <span class='ocrx_word' id='word_1_270' title='bbox 1142 4023 1442 4071; x_wconf 83' lang='lat' dir='ltr'>referendum</span> <span class='ocrx_word' id='word_1_271' title='bbox 1477 4024 1536 4071; x_wconf 86' lang='lat' dir='ltr'>ad</span> <span class='ocrx_word' id='word_1_272' title='bbox 1572 4025 1784 4091; x_wconf 72' lang='grc' dir='ltr'><em>εὖφημῶ,</em></span> <span class='ocrx_word' id='word_1_273' title='bbox 1819 4024 1929 4087; x_wconf 80' lang='lat' dir='ltr'>quia</span> <span class='ocrx_word' id='word_1_274' title='bbox 1963 4023 2053 4072; x_wconf 87' lang='lat' dir='ltr'>hoc</span> <span class='ocrx_word' id='word_1_275' title='bbox 2076 4022 2189 4070; x_wconf 87' lang='lat' dir='ltr'>boni</span> <span class='ocrx_word' id='word_1_276' title='bbox 2215 4022 2387 4071; x_wconf 83' lang='lat' dir='ltr'>ominis</span> 
     </span>
     <span class='ocr_line' id='line_1_32' title="bbox 373 4117 2385 4183; baseline -0 -18"><span class='ocrx_word' id='word_1_277' title='bbox 373 4117 649 4167; x_wconf 78' lang='lat' dir='ltr'>habebatur.</span> <span class='ocrx_word' id='word_1_278' title='bbox 711 4118 942 4166; x_wconf 85' lang='lat' dir='ltr'>Similiter</span> <span class='ocrx_word' id='word_1_279' title='bbox 976 4119 1100 4182; x_wconf 87' lang='lat' dir='ltr'>apud</span> <span class='ocrx_word' id='word_1_280' title='bbox 1134 4118 1385 4167; x_wconf 70' lang='lat' dir='ltr'>Platonem</span> <span class='ocrx_word' id='word_1_281' title='bbox 1410 4120 1468 4167; x_wconf 86' lang='lat' dir='ltr'>de</span> <span class='ocrx_word' id='word_1_282' title='bbox 1490 4119 1636 4183; x_wconf 86' lang='lat' dir='ltr'>Legg.</span> <span class='ocrx_word' id='word_1_283' title='bbox 1660 4119 1770 4178; x_wconf 87' lang='grc' dir='ltr'>ΠΙ,</span> <span class='ocrx_word' id='word_1_284' title='bbox 1795 4118 1894 4171; x_wconf 81' lang='lat'><em>&#39;102</em></span> <span class='ocrx_word' id='word_1_285' title='bbox 1918 4118 1955 4166; x_wconf 89' lang='lat' dir='ltr'>C</span> <span class='ocrx_word' id='word_1_286' title='bbox 1969 4155 1984 4177; x_wconf 92' lang='lat'>‚</span> <span class='ocrx_word' id='word_1_287' title='bbox 2009 4117 2213 4176; x_wconf 70' lang='lat' dir='ltr'>Cliniae,</span> <span class='ocrx_word' id='word_1_288' title='bbox 2239 4132 2385 4181; x_wconf 80' lang='lat' dir='ltr'>quum</span> 
     </span>
     <span class='ocr_line' id='line_1_33' title="bbox 375 4211 2387 4278; baseline 0 -18"><span class='ocrx_word' id='word_1_289' title='bbox 375 4211 551 4275; x_wconf 85' lang='lat' dir='ltr'>aliquid</span> <span class='ocrx_word' id='word_1_290' title='bbox 597 4217 866 4278; x_wconf 82' lang='lat' dir='ltr'>opportune</span> <span class='ocrx_word' id='word_1_291' title='bbox 914 4219 1230 4263; x_wconf 83' lang='lat' dir='ltr'>memoratum</span> <span class='ocrx_word' id='word_1_292' title='bbox 1279 4219 1428 4273; x_wconf 81' lang='lat' dir='ltr'>essct,</span> <span class='ocrx_word' id='word_1_293' title='bbox 1476 4213 1620 4271; x_wconf 80' lang='lat' dir='ltr'>dicit,</span> <span class='ocrx_word' id='word_1_294' title='bbox 1665 4231 1713 4262; x_wconf 84' lang='lat' dir='ltr'>se</span> <span class='ocrx_word' id='word_1_295' title='bbox 1756 4214 1807 4264; x_wconf 86' lang='lat' dir='ltr'>id</span> <span class='ocrx_word' id='word_1_296' title='bbox 1838 4218 1983 4266; x_wconf 76' lang='grc' dir='ltr'><em>οἰωνόν</em></span> <span class='ocrx_word' id='word_1_297' title='bbox 2012 4234 2114 4266; x_wconf 84' lang='grc' dir='ltr'><em>τινα</em></span> <span class='ocrx_word' id='word_1_298' title='bbox 2145 4218 2387 4266; x_wconf 74' lang='grc' dir='ltr'><em>ποιεῖσθαι.</em></span> 
     </span>
     <span class='ocr_line' id='line_1_34' title="bbox 378 4308 2323 4379; baseline 0.002 -24"><span class='ocrx_word' id='word_1_299' title='bbox 378 4309 563 4359; x_wconf 77' lang='lat' dir='ltr'>Menex.</span> <span class='ocrx_word' id='word_1_300' title='bbox 597 4325 644 4372; x_wconf 81' lang='lat' dir='ltr'>p.</span> <span class='ocrx_word' id='word_1_301' title='bbox 680 4308 774 4356; x_wconf 77' lang='lat'>249</span> <span class='ocrx_word' id='word_1_302' title='bbox 812 4309 877 4357; x_wconf 83' lang='lat' dir='ltr'>B:</span> <span class='ocrx_word' id='word_1_303' title='bbox 920 4314 1068 4361; x_wconf 74' lang='grc' dir='ltr'><em>οἰωνοῦ</em></span> <span class='ocrx_word' id='word_1_304' title='bbox 1098 4316 1235 4379; x_wconf 79' lang='grc' dir='ltr'><em>χάριν</em></span> <span class='ocrx_word' id='word_1_305' title='bbox 1269 4315 1497 4379; x_wconf 73' lang='grc' dir='ltr'><em>ἄρχεσθαι</em></span> <span class='ocrx_word' id='word_1_306' title='bbox 1534 4313 1647 4360; x_wconf 60' lang='grc' dir='ltr'><em>ἱέναι</em></span> <span class='ocrx_word' id='word_1_307' title='bbox 1680 4313 1753 4360; x_wconf 62' lang='grc' dir='ltr'>ἰπὶ</span> <span class='ocrx_word' id='word_1_308' title='bbox 1788 4317 1867 4370; x_wconf 69' lang='grc' dir='ltr'>τὴν</span> <span class='ocrx_word' id='word_1_309' title='bbox 1897 4317 2122 4379; x_wconf 72' lang='grc' dir='ltr'><em>πατρῴαν</em></span> <span class='ocrx_word' id='word_1_310' title='bbox 2153 4312 2323 4360; x_wconf 70' lang='grc' dir='ltr'><em>ἑστίαν.</em></span> 
     </span>
    </p>
   </div>
   <div class='ocr_carea' id='block_1_5' title="bbox 2075 4402 2153 4460">
    <p class='ocr_par' dir='ltr' id='par_1_5' title="bbox 2075 4402 2153 4460">
     <span class='ocr_line' id='line_1_35' title="bbox 2075 4402 2153 4460; baseline 0 -20"><span class='ocrx_word' id='word_1_311' title='bbox 2075 4402 2153 4460; x_wconf 61' lang='grc'>30</span> 
     </span>
    </p>
   </div>
  </div>
 </body>
</html>
