3092 5084
1432 486 1549 548 147

487 686 627 753 dam
649 689 887 777 inepta,
922 690 1267 760 cuiusmodi
1298 698 1393 755 est.
1420 690 1624 757 hocce.
1661 690 1871 771 Quum
1897 715 1931 757 a
1954 692 2252 777 Dionysio
2277 693 2500 761 iterum

485 808 549 871 in
587 807 857 875 Siciliam
886 818 1135 875 vocatus
1168 818 1357 888 esset,
1382 818 1673 896 reputans
1703 812 1774 883 ὥς
1805 811 1958 878 οὐδὲν
1988 812 2348 889 θαυμαστὸν,
2383 815 2499 879 νέον

484 924 767 1008 ἄνθρωπον
797 928 1200 1019 ταραιρούογτοι
1229 926 1403 1005 ἀξίων
1434 928 1614 1006 λόγου
1645 930 2038 1011 πραγμάτων,
2071 932 2330 1013 εὐμαθῆ,
2363 931 2500 1011 πρὸς

485 1046 667 1126 ἔρωτα
703 1048 883 1128 ἐλθεῖν
927 1052 1027 1113 τοῦ
1058 1047 1373 1125 βελτίστου
1403 1047 1535 1125 βίου
1552 1096 1570 1129 ,
1606 1048 1844 1113 censuit
1875 1048 1990 1129 δεῖν
2020 1047 2166 1113 αὐτὸ
2188 1046 2498 1127 ἐξελέγξαι

485 1170 722 1247 cambis,
772 1173 833 1229 et
871 1164 1152 1251 deinceps
1200 1174 1405 1233 narrat
1451 1166 1694 1249 qualem
1725 1173 1929 1251 πεῖραν
1959 1166 2038 1231 ad
2067 1166 2349 1253 Dionysii
2379 1168 2504 1233 ani-

486 1305 655 1347 mum
686 1284 1122 1368 explorandum
1156 1284 1529 1363 adhibuerit,
1563 1308 1624 1371 p.
1661 1287 1786 1349 339
1813 1284 1866 1349 E
1887 1308 1976 1369 sq.
2024 1284 2194 1350 Haec
2219 1284 2500 1371 equidem
2535 1280 2538 1285 ’

486 1402 667 1467 credo
712 1403 921 1489 inepto
966 1404 1170 1488 potius
1216 1404 1558 1491 magistello
1603 1426 1788 1489 quam
1834 1404 2090 1470 Platone
2138 1404 2326 1493 digna
2370 1428 2499 1469 esse

484 1520 783 1586 habenda.
845 1521 1177 1607 Dionysius
1216 1531 1351 1591 tum
1382 1524 1622 1589 circiter
1655 1524 1906 1609 triginta
1938 1545 2128 1589 annos
2151 1531 2338 1589 natus
2371 1532 2500 1603 erat

485 1646 545 1704 et
619 1662 727 1723 per
787 1641 1057 1725 quinque
1117 1664 1307 1711 annos
1368 1643 1692 1728 imperium
1751 1651 2060 1721 tenuerat,
2127 1664 2313 1727 quare
2374 1664 2499 1708 non

484 1780 731 1843 prorsus
787 1761 901 1833 νέος
954 1760 1237 1839 ἄνθρωπος
1284 1761 1535 1847 apellari
1581 1769 1820 1846 poterat
1833 1787 1852 1839 ς
1902 1761 2077 1841 Plato
2122 1769 2322 1827 autem
2368 1762 2499 1829 eius

484 1877 799 1961 ingenium
856 1878 1035 1963 quale
1082 1886 1239 1941 esset
1276 1880 1403 1965 jam
1450 1878 1686 1964 aliquot
1731 1886 1870 1943 ante
1917 1879 2092 1943 annis
2139 1878 2327 1965 probe
2371 1902 2502 1965 per·

484 1995 732 2079 spicere
776 2003 1058 2081 pot-uerat
1074 2046 1090 2075 ‚
1152 2018 1339 2081 quare
1400 1996 1732 2064 ridiculum
1793 2005 1922 2061 erat
1967 2018 2206 2083 sperare
2237 1997 2500 2063 subitam

486 2088 776 2196 aliquam·
808 2115 1261 2181 conversionem
1321 2116 1384 2179 in
1443 2138 1513 2178 eo
1574 2116 1796 2182 factam
1852 2137 2011 2193 esse,
2075 2116 2269 2201 magis
2316 2116 2498 2181 etiam

484 2231 789 2316 ineptum,
838 2232 1073 2297 homini
1119 2255 1187 2296 ea
1232 2224 1431 2297 aetate
1475 2233 1660 2298 talem
1707 2233 1994 2298 adhibere
2015 2242 2222 2313 πεῖραν
2239 2285 2258 2317 ,
2302 2234 2499 2319 qualis

486 2349 547 2413 in
582 2348 1063 2440 adolescentibus
1112 2350 1495 2436 explorandis
1526 2350 1764 2415 utiliter
1794 2352 2036 2420 institui
2076 2359 2298 2437 posset.
2354 2350 2498 2415 Non

483 2468 707 2533 mirum
776 2476 868 2533 est
934 2470 1199 2535 evenisse
1268 2470 1433 2555 quod
1496 2470 1747 2549 accidit,
1821 2469 2140 2535 Platonem
2187 2470 2391 2537 oleum
2439 2477 2500 2535 et

485 2608 729 2673 operam
775 2586 1128 2673 perdidisse.
1159 2589 1205 2673 ¹)

573 2704 757 2785 Quod
819 2708 1036 2772 attinet
1096 2706 1173 2771 ad
1234 2707 1487 2772 consilia
1531 2708 1782 2792 politica
1826 2730 1983 2793 quae
2029 2707 2245 2772 Dionis
2293 2706 2500 2771 amicis

483 2825 786 2911 impertit,
834 2848 897 2911 p.
945 2828 1069 2891 33⁷
1122 2826 1212 2904 A,
1274 2848 1378 2904 ea,
1442 2832 1747 2909 quatenus
1805 2847 1929 2891 non
1977 2848 2009 2891 e
2054 2825 2224 2890 libris
2269 2825 2346 2889 de
2389 2823 2504 2888 Le-

484 2944 662 3029 gibus
710 2943 992 3009 desumta
1036 2952 1215 3022 sunt,
1266 2943 1410 3009 satis
1460 2944 1724 3009 ridicula
1768 2942 1922 3009 mihi
1967 2943 2272 3010 videntur.
2319 2942 2402 3006 Et
2433 2964 2501 3007 ea

483 3061 732 3147 quidem
779 3084 933 3147 quae
979 3063 1155 3127 initio
1208 3063 1500 3127 dicuntur
1516 3113 1534 3140 ,
1589 3085 1776 3131 novas
1830 3063 1993 3147 leges
2048 3061 2324 3127 ferendas
2373 3083 2500 3125 esse

482 3180 667 3257 tales„
732 3202 888 3264 quae
947 3202 1072 3247 non
1134 3181 1345 3267 minus·
1385 3180 1716 3247 victoribus
1765 3202 1946 3265 quam
1991 3179 2168 3243 victis
2215 3185 2498 3263 acceptae

482 3300 639 3376 sint,
695 3305 757 3363 et
787 3298 912 3363 duo
944 3320 1074 3363 esse
1106 3299 1283 3384 quasi
1311 3298 1718 3363 instrumenta
1748 3297 1973 3382 quibus
2005 3297 2151 3361 victi
2182 3296 2258 3361 ad
2289 3296 2495 3381 legum

482 3416 845 3501 obsequium
906 3416 1131 3481 adduci
1188 3418 1456 3503 possint,
1529 3418 1666 3483 αἰδῶ
1734 3416 1832 3481 καὶ
1902 3416 2122 3501 φόβον,
2191 3414 2340 3480 haec
2400 3413 2502 3479 de-

549 3688 599 3749 1)
628 3688 791 3742 Etiam
824 3689 973 3739 orote.
1006 3689 1101 3749 XI,
1137 3706 1183 3755 p.
1218 3689 1415 3743 ’Νι-76
1428 3727 1443 3749 ,
1478 3688 1788 3753 reprehendit
1815 3687 2032 3745 Platonis
2063 3686 2236 3750 agendi
2264 3686 2498 3735 rationem

480 3783 529 3847 iu
560 3784 668 3835 aula
691 3784 910 3849 Dionysii
943 3789 993 3834 et
1026 3785 1221 3837 modum
1256 3801 1379 3851 quo,
1402 3785 1662 3838 secundum
1685 3783 1926 3849 Epistolas
1941 3820 1955 3843 ,
1979 3787 2234 3847 tyrannum
2261 3781 2320 3830 ad
2343 3780 2499 3844 philo-

480 3878 694 3941 sophiam
729 3884 1007 3929 convertere
1041 3880 1252 3929 studuit:
1300 3880 1431 3940 „But
1470 3880 1572 3929 still
1611 3880 1693 3929 the
1735 3880 2029 3945 experiment
2067 3876 2220 3925 would
2240 3876 2358 3926 have
2379 3876 2498 3927 been

481 3972 603 4021 tried
634 3973 752 4023 with
785 3991 813 4023 a
860 3974 951 4024 fair
983 3974 1159 4023 chance
1192 3975 1247 4024 of
1276 3990 1489 4034 success,
1529 3974 1573 4023 if
1601 3974 1712 4039 only
1747 3973 1886 4023 Plato
1920 3972 2094 4036 during
2129 3971 2202 4020 his
2236 3970 2498 4020 shortlived

479 4066 699 4132 spiritual
731 4068 978 4134 authority
1010 4075 1061 4118 at
1095 4069 1353 4135 Syracuse,
1387 4068 1481 4118 had
1512 4067 1761 4119 measured
1797 4083 1928 4118 more
1962 4066 2234 4130 accurately
2269 4064 2354 4116 the
2372 4080 2502 4129 prac-

478 4163 593 4213 ticsl
642 4164 875 4216 influcnce
923 4164 1078 4215 which
1128 4182 1157 4215 a
1206 4164 1513 4229 philosopher
1545 4164 1705 4228 might
1736 4162 2018 4227 ressonany
2051 4163 2176 4225 hope
2210 4165 2261 4210 to
2295 4161 2500 4211 exercise

481 4273 595 4308 over
628 4258 940 4325 Dionysius.’'
1008 4260 1115 4309 vid.
1154 4277 1201 4326 p.
1236 4259 1316 4313 ¹76.

2149 4350 2263 4410 10*
