3092 5084
1119 1259 1506 1355 CAPUT
1577 1261 1712 1356 ΙΙΙ.

1012 1603 1114 1648 DE
1181 1602 1625 1646 EPISTOLA
1693 1601 1800 1645 vn.

1339 2207 1374 2290 ᾧ
1425 2209 1478 2269 1.

1046 2397 1380 2524 Ανραῇιεπίὶ
1423 2447 1767 2524 conspectus.

497 2677 842 2742 Demetrius
892 2677 1098 2742 rhet-or
1143 2700 1335 2762 quum
1371 2675 1644 2741 Platonis
1672 2677 1957 2763 epistolas
1986 2677 2147 2757 ἄγαν
2178 2681 2411 2760 μακρὰς

401 2805 585 2861 vocat
619 2800 697 2883 ¹),
746 2798 940 2883 primo
984 2796 1119 2860 loco
1165 2796 1320 2860 hanc
1359 2819 1500 2861 eum
1529 2796 1607 2860 ob
1640 2797 1847 2861 oculos
1879 2797 2165 2862 habuisse
2198 2798 2409 2884 proba-

403 2915 530 2980 bile
575 2923 683 2980 est.
751 2915 946 2981 Tanta
993 2915 1155 2980 enim
1193 2923 1284 2980 est
1314 2915 1498 2979 huius
1538 2916 1828 3001 epistolae
1866 2923 1927 2980 et
1968 2918 2311 3002 argumenti
2350 2927 2412 2982 et

403 3034 694 3098 orationis
722 3033 1044 3119 longitudo
1059 3083 1078 3112 ,
1126 3041 1298 3120 tanta
1332 3034 1769 3098 sententiarum
1799 3034 2241 3120 verborumque
2274 3058 2409 3120 pro-

408 3153 612 3218 lixitas
627 3202 646 3231 ‚
709 3161 782 3216 ut
841 3151 1086 3217 difficile
1147 3153 1227 3216 sit
1289 3174 1412 3216 uno
1476 3175 1608 3217 eam
1666 3160 1874 3217 tenore
1919 3153 2253 3238 perlegere,
2302 3154 2413 3217 dif-

410 3270 681 3368 fionius„
723 3293 913 3355 quum
975 3269 1052 3334 ad
1097 3271 1278 3335 finem
1324 3271 1694 3356 perveneris,
1741 3270 2012 3336 medium
2058 3279 2120 3335 et
2165 3272 2411 3336 initium

405 3410 730 3454 reminisci.

500 3508 736 3594 Scripta
792 3515 884 3572 est
945 3507 1021 3571 ad
1081 3507 1297 3572 Dionis
1343 3506 1669 3572 familiares
1730 3507 2039 3594 Syracusis
2088 3506 2374 3594 degentes
2392 3560 2410 3588 ‚

485 3768 530 3828 l)
566 3767 774 3815 Demetr.
821 3769 937 3836 Περὶ
978 3767 1136 3834 ipsam.
1185 3767 1208 3826 ς
1253 3765 1377 3824 228,
1422 3765 1471 3814 in
1521 3765 1684 3816 Rhett.
1730 3766 1894 3816 Gracc.
1928 3766 2002 3818 ed.
2037 3768 2269 3833 Spengel,
2304 3770 2413 3819 Vol.

414 3863 528 3936 111„
576 3879 626 3927 p.
674 3863 765 3911 311
819 3878 889 3926 sq.
938 3861 1116 3910 Locum
1165 3862 1404 3926 integrum
1442 3861 1731 3912 adscribam:
1784 3863 2107 3928 „Epistolam,
2141 3865 2293 3925 dicit,
2329 3883 2415 3916 uec

415 3961 606 4026 longam
642 3975 741 4008 esse
776 3962 968 4025 oportet
1000 3974 1087 4007 nec
1121 3959 1345 4022 grandem
1357 3979 1370 4018 ;
1407 3963 1458 4011 αἱ
1493 3956 1678 4024 δ’ἄγαν
1711 3965 1931 4030 μακραὶ
1965 3965 2040 4013 καὶ
2072 3971 2263 4032 προσέτι
2296 3969 2416 4014 κατὰ

415 4035 495 4116 τὴν
540 4056 778 4125 ἑρμηνείαν
825 4055 1252 4124 ὀγκωὸέστεραι
1302 4059 1352 4106 οὐ
1395 4061 1466 4121 μὰ
1510 4062 1589 4115 τὴν
1619 4059 1830 4114 ἀληθείαν
1859 4061 2090 4108 ἐπιστολαὶ
2122 4059 2305 4122 γένοιντ’
2336 4063 2411 4114 ἂν,

415 4155 531 4202 ἀλλὰ
581 4156 925 4219 συγγράμματα
972 4155 1028 4201 τὸ
1077 4155 1306 4220 χαίρειν
1352 4156 1515 4217 ἔχοντα
1567 4159 2031 4220 προσγεγραμμίνον,
2086 4159 2293 4223 καθάπερ
2338 4159 2418 4205 τοῦ

417 4250 652 4305 Πλάτωνος
685 4249 845 4297 πολλαὶ
877 4250 953 4297 καὶ
985 4251 1014 4304 ἡ
1045 4247 1316 4299 Θουκυδίδου.
