3092 5084
1404 469 1487 530 45

422 678 898 765 repetitionibus
945 684 1005 742 et
1047 677 1335 742 inanibus
1380 677 1577 742 verbis
1632 684 1909 742 scateret.
2003 677 2243 743 Deinde
2291 677 2452 762 pleo-

421 821 680 861 nasmus
728 804 821 861 est
865 797 1066 861 denuo
1111 797 1177 860 in
1222 796 1404 860 verbo
1449 795 1687 874 οἴεσθαι,
1746 796 1911 880 quod
1960 797 2309 882 appositum
2357 804 2449 860 est

424 916 731 981 vocabulo
791 916 980 993 δόξαν.
1075 914 1313 978 Similes
1375 914 1623 998 quidem
1682 916 2018 999 pleonasmi
2076 916 2140 979 in
2196 915 2453 978 Platone

425 1036 745 1100 interdum
806 1043 1136 1099 occurrunt
1149 1084 1168 1112 ,
1233 1033 1338 1098 sed
1392 1034 1480 1096 ita
1538 1040 1613 1097 ut
1669 1034 1746 1097 ad
1800 1035 2292 1120 perspicuitatem
2350 1033 2455 1097 ali-

377 1157 386 1165 ’
425 1154 584 1238 quid
630 1154 972 1232 conferant,
1005 1153 1175 1217 velut
1211 1153 1278 1216 in
1315 1152 1587 1237 Euthyd.
1622 1175 1681 1237 p.
1724 1154 1851 1217 305
1893 1152 1980 1217 D:
2018 1157 2295 1230 ἡγοῦνται
2336 1150 2447 1230 οὖν,

428 1271 537 1337 ἐὰν
583 1273 815 1346 τούτους
860 1272 937 1344 εἷς
985 1269 1200 1347 δόξαν
1237 1271 1681 1346 καταστήσωσι,
1726 1270 1960 1346 μηδενὸς
2000 1271 2221 1336 δοκεῖν
2258 1270 2452 1348 ἀξίους

424 1387 576 1456 εἶναι
611 1392 688 1476 ¹):
738 1391 847 1455 ubi
893 1391 946 1454 si
991 1392 1166 1455 δοκεῖν
1210 1390 1482 1468 tollitur,
1532 1390 1849 1454 obscurior
1884 1389 1957 1453 fit
1987 1390 2287 1454 sententia
2300 1415 2319 1467 3
2354 1390 2455 1453 hic

426 1518 647 1574 contra
706 1508 914 1575 οἴεσθαι
975 1509 1401 1594 perspicuitati
1447 1509 1635 1572 officit
1680 1508 1885 1593 potius
1933 1531 2117 1592 quam
2170 1508 2418 1594 prodest
2431 1558 2449 1587 ‚

426 1653 548 1694 nec
587 1630 951 1715 elegantiam
999 1636 1182 1714 auget
1227 1629 1669 1694 infinitivorum
1714 1628 2050 1693 cumulatio
2096 1626 2306 1693 οἴεσθαι
2338 1628 2453 1692 δεῖν

429 1746 596 1815 εἶναι.
675 1749 948 1814 Similem
994 1749 1417 1835 pleonasmum
1463 1749 1820 1817 notavimus
1858 1748 2040 1812 modo
2086 1747 2256 1812 verbi
2300 1748 2447 1825 δεῖν;

429 1888 510 1932 en
559 1868 678 1932 alia
723 1867 1020 1952 quaedam
1068 1868 1374 1952 exempla:
1425 1890 1483 1952 p.
1520 1870 1647 1931 328
1680 1867 1768 1930 B:
1817 1865 1968 1944 ὅμως
2000 1865 2199 1947 ἔρρεψε
2228 1866 2411 1940 δεῖν..
2433 1915 2449 1932 .

435 1985 737 2064 πειρατέον
797 1983 972 2064 εἶναι,
1036 1959 1178 2051 nisi,
1214 1985 1315 2048 hic
1373 1985 1629 2049 fortasse
1691 2008 1797 2070 pro
1859 1986 1970 2050 δεῖν
2024 1984 2451 2069 corrigendum

435 2107 637 2172 δοκεῖν.
685 2128 746 2191 p.
782 2107 908 2168 348
943 2104 1026 2168 O:
1076 2104 1148 2170 ἂν
1193 2103 1308 2186 ἄρα
1353 2107 1438 2182 μὴ
1487 2103 1623 2186 δόξῃ
1670 2105 1781 2170 δεῖν
1828 2105 2001 2170 αὐτὸν
2044 2106 2209 2170 οἰκεῖν
2256 2106 2313 2168 ἔν
2356 2115 2453 2170 Σι·

432 2225 622 2308 xenia.
671 2249 732 2310 p.
782 2226 908 2288 253
959 2225 1052 2288 A:
1100 2226 1426 2302 ἀναγκαῖον
1471 2221 1613 2288 εἶναι
1659 2222 1811 2300 ἔδοξέ
1855 2248 1951 2301 μοι
1995 2225 2213 2304 ῥηθῆναι
2260 2224 2387 2288 δεῖν.

521 2345 726 2408 “ssa-rs
785 2343 936 2408 οὐδὲν
997 2343 1337 2421 θαυμαστὸν
1397 2340 1451 2418 εἴ
1486 2367 1594 2416 ,τις
1653 2343 1786 2406 θεῶν
1837 2341 1937 2406 καὶ
1980 2348 2179 2407 τοῦτον
2224 2344 2301 2414 εἰς
2347 2344 2452 2417 τὴν

433 2465 619 2538 αὐτὴν
674 2461 844 2538 δόξαν
888 2461 1014 2541 περὶ
1058 2462 1356 2533 πολιτείοις
1399 2462 1587 2542 ἐκείνῳ
1630 2461 1895 2538 γενέσθαι
1942 2459 2248 2544 ξύμφωνον
2293 2464 2452 2536 ποιή-

433 2605 603 2646 σειεν.
673 2579 752 2642 In
796 2579 892 2642 his
919 2578 1258 2642 ,dubitatur
1302 2579 1707 2663 legendumne
1750 2579 1831 2641 sit
1858 2575 2165 2661 ξύμφωνον
2197 2601 2275 2641 an
2304 2575 2451 2656 ξύμ-

435 2709 624 2781 φρονα
697 2696 860 2780 (libri
921 2696 1025 2759 alii
1084 2695 1377 2779 ξύμφωνα
1391 2747 1410 2774 ,
1481 2695 1585 2760 alii
1636 2693 1996 2787 ξύμφρονα);
2058 2696 2229 2780 prius
2290 2702 2452 2760 certe

437 2816 790 2902 eligendum
809 2865 828 2894 ,
893 2838 1035 2879 nam
1097 2815 1356 2880 alterum
1402 2823 1494 2879 est
1518 2791 1823 2880 insolens,
1903 2815 1991 2878 At
2032 2814 2311 2897 ξύμφρων
2356 2816 2453 2879 vel

439 2933 750 3018 ξύμφωνος
811 2935 889 3006 εἰς
950 2937 1054 3008 τὴν
1101 2936 1284 3010 αὐτὴν
1327 2933 1525 3011 δόξαν,
1574 2956 1828 3011 concor-3,
1876 2934 2170 2996 unanimis
2212 2934 2277 2996 ‘iaz
2322 2957 2451 2997 ean-

439 3057 566 3118 dem
624 3055 960 3118 sententiam
976 3102 993 3131 ‚
1058 3053 1209 3137 quid
1270 3061 1362 3117 est
1405 3053 1524 3117 nisi
1568 3052 1862 3137 languida
1905 3051 2289 3136 tautologia?
2349 3051 2455 3114 Vi-

442 3172 621 3237 detur
680 3195 822 3236 vero
883 3172 1140 3257 scriptor
1198 3171 1316 3236 hoc
1376 3173 1574 3237 dicere
1634 3170 1937 3235 voluisse:
1998 3172 2076 3242 εἰς
2136 3170 2203 3235 τὸ
2262 3173 2319 3234 ἕν
2376 3145 2453 3252 τῇ

443 3294 592 3372 αὐτῇ
654 3289 788 3372 δόξῃ
847 3291 1132 3356 διατελεῖν
1193 3292 1362 3356 Δίωνι
1424 3292 1731 3374 ξύμφωνον
1776 3291 2074 3368 γενέσθαι,
2132 3312 2302 3368 „non
2346 3289 2454 3353 mi-

441 3431 606 3487 rum,
657 3409 721 3499 si·
754 3409 889 3493 quis
937 3409 1086 3473 deus
1133 3431 1273 3474 eum
1318 3409 1386 3472 in
1422 3410 1538 3474 hoc
1572 3432 1711 3473 cum
1743 3408 1941 3472 Dione
1974 3409 2451 3473 consentientem

442 3529 624 3592 faciat
637 3577 656 3606 ,
716 3536 788 3590 ut
833 3549 1022 3612 aeque
1068 3533 1249 3611 atque
1294 3528 1398 3592 ille
1443 3528 1509 3592 in
1556 3550 1627 3591 ea
1672 3549 1793 3611 qua
1840 3534 1930 3590 est
1976 3527 2276 3590 sententia
2320 3549 2451 3612 per-

443 3645 733 3712 severet.’'
826 3644 891 3708 Si
935 3645 1052 3709 hoc
1097 3646 1322 3724 voluit,
1371 3668 1589 3732 parum
1634 3653 1913 3711 accurate
1958 3646 2203 3710 locutus
2250 3654 2359 3709 est.

534 3764 977 3828 Praefationem
1024 3765 1109 3828 sic
1155 3763 1507 3829 concludit:
1552 3764 1645 3842 τίς
1692 3763 1739 3828 δ’
1771 3760 1837 3839 ἦν
1882 3767 1909 3831 0‘
1951 3765 2155 3844 τρόπος
2200 3772 2306 3838 τῆς
2350 3787 2449 3840 γε·

443 3883 642 3955 νέσεως
688 3884 870 3957 αὐτῆς
921 3883 1027 3966 (sc.
1075 3891 1180 3958 τῆς
1227 3880 1444 3966 δόξης),
1493 3883 1594 3946 οὐκ
1638 3881 1888 3958 οὶποὶξιον
1932 3883 2177 3947 οὶκοῦσαι
2224 3880 2322 3961 νέῳ
2352 3879 2451 3944 καὶ

443 4003 528 4080 μὴ
573 4000 692 4081 νέῳ.
761 3999 932 4064 Belle
979 4000 1210 4065 scilicet
1254 4000 1487 4066 dictum
1532 4021 1685 4085 pro:
1734 3997 1852 4064 ὅθεν
1896 4001 2055 4076 αὐτῷ
2106 3999 2201 4074 ἥδε
2247 4001 2280 4074 ἧ
2312 3997 2453 4074 δόξα

513 4259 561 4320 1)
595 4258 671 4308 Cf.
705 4258 754 4309 n.
788 4257 962 4308 collata
995 4259 1054 4308 ab
1091 4259 1361 4308 Heindorfio
1393 4259 1452 4308 ad
1486 4259 1613 4308 hunc
1645 4260 1820 4309 locum.
