3092 5084
1667 522 1752 584 36

699 729 966 794 officium
1009 730 1293 815 redigant
1336 729 1488 795 οιῖδοῒ
1510 730 1609 794 καὶ
1643 729 1836 810 φόβῳ.
1901 727 2164 815 Oportet
2196 751 2337 814 ergo
2368 729 2434 794 in
2466 753 2711 816 quaque

699 852 944 916 civitate
1003 852 1185 916 rebus
1245 851 1567 937 praeficere
1629 850 1952 935 optimates
1968 899 1987 928 ,
2057 851 2164 934 qui
2220 851 2431 934 aequis
2476 849 2713 934 legibus

697 970 1136 1058 rempublicam
1183 972 1563 1035 constituant
1609 977 1669 1034 et
1711 969 2086 1054 gubernent:
2123 969 2419 1040 denorum
2451 969 2715 1033 millium

699 1090 932 1154 civitati
982 1091 1431 1175 quinquaginta
1491 1089 1837 1154 sufficiunt:
1893 1089 2203 1171 uvptoevapp
2275 1089 2441 1154 πόλει
2504 1089 2715 1163 πεντή-

695 1233 871 1274 κοντοο
914 1209 1115 1274 ἱκανοί.
1162 1232 1223 1294 p.
1273 1210 1399 1274 337
1451 1208 1520 1272 C.
1614 1208 1782 1272 Haec
1828 1215 2007 1286 sunt,
2054 1207 2293 1291 inquit,
2342 1229 2499 1292 quae
2535 1207 2707 1270 vobis

696 1327 950 1391 consulo
965 1377 985 1405 ‚
1034 1327 1273 1413 gemina
1317 1326 1425 1391 illa
1469 1334 1579 1391 aut
1624 1326 1900 1412 proxima
1942 1326 2018 1390 iis
2065 1347 2223 1411 quae
2268 1332 2447 1389 antea
2483 1324 2710 1409 Diony-

699 1446 789 1509 sio
837 1453 898 1509 et
928 1468 1125 1532 nuper
1155 1445 1549 1532 Syracusanis
1582 1447 1764 1510 suasi.
1789 1483 1880 1496 —-
1902 1444 2209 1530 Equidem
2232 1467 2468 1523 vereor,
2510 1467 2587 1508 ne
2619 1444 2715 1508 his

696 1563 869 1628 lectis
914 1563 1133 1628 Dionis
1179 1565 1510 1650 propinqui
1562 1564 1731 1628 haud
1788 1563 1986 1628 multo
2034 1563 2317 1628 certiores
2363 1564 2510 1627 facti
2554 1563 2714 1640 sint,

645 1696 647 1698 ’
697 1682 848 1767 quid
891 1674 1172 1768 angustis
1218 1684 1284 1748 in
1329 1683 1510 1748 rebus
1551 1690 1800 1767 agerent
1830 1705 2015 1768 quam
2048 1690 2228 1746 antea
2255 1682 2547 1759 fuissent,
2581 1681 2708 1744 imo

697 1824 776 1866 ne
821 1808 1127 1887 postremo
1175 1802 1443 1867 evenerit
1488 1803 1565 1866 iis
1594 1801 1741 1867 ὥστε
1786 1808 2171 1874 τελευτῶντες
2217 1804 2503 1880 ἰλιγγιᾶν.

791 1919 908 1983 His
973 1921 1324 1985 summatim
1371 1921 1661 2006 expositis
1710 1921 2004 2005 quisque,
2054 1921 2304 2007 opinor,
2355 1919 2713 2004 perspiciet,

705 2039 868 2123 quod
917 2040 1114 2126 ipsam
1157 2040 1496 2125 perlegenti
1541 2039 1864 2127 epistolam
1908 2041 2301 2105 manifestum
2340 2040 2481 2117 erit,
2532 2039 2719 2123 scrip-

702 2165 896 2222 torem
966 2159 1096 2223 sine
1159 2158 1285 2222 ullo
1346 2159 1560 2224 ordine
1621 2161 1742 2223 huc
1802 2159 1952 2223 illuc
2008 2159 2214 2244 vagari
2229 2209 2248 2237 ,
2319 2158 2488 2244 prius
2551 2156 2715 2221 dicta

704 2283 976 2360 repetere
992 2327 1010 2355 ,
1060 2277 1282 2342 ultima
1311 2278 1522 2363 primis
1554 2279 1805 2343 miscere
1820 2328 1839 2356 ,
1873 2278 2077 2341 omnia
2107 2275 2494 2341 confundere.
2543 2274 2719 2338 Prae-

705 2402 871 2460 terea
915 2397 1248 2460 orationem
1279 2396 1522 2482 plenam
1554 2420 1684 2462 esse
1716 2397 2075 2480 conquisitis
2105 2395 2380 2479 undique
2410 2393 2681 2458 flosculis
2697 2444 2715 2472 ,

706 2513 1027 2580 verborum
1075 2515 1362 2602 ampullis
1410 2522 1472 2580 et
1516 2516 1773 2601 argutiis
1788 2564 1807 2594 ‚
1849 2515 2095 2600 tragicis
2129 2515 2445 2580 sententiis
2477 2522 2539 2578 et
2570 2513 2717 2576 locis

705 2634 1131 2698 communibus
1146 2685 1165 2712 ,
1215 2657 1371 2720 quae
1416 2635 1725 2700 interdum
1772 2634 1927 2699 nihil
1975 2634 2052 2698 ad
2096 2657 2223 2699 rem
2270 2634 2596 2718 pertinent.

793 2753 1095 2837 Deinceps
1159 2753 1235 2818 ad
1297 2754 1540 2818 tertiam
1587 2761 1819 2838 partem
1836 2804 1854 2833 ,
1904 2753 2193 2817 ultimum
2238 2753 2355 2816 iter
2399 2751 2720 2836 Syracusa-

705 2894 856 2936 num
871 2923 890 2951 ,
950 2873 1280 2937 transitum
1341 2872 1486 2937 facit
1548 2873 1644 2936 his
1704 2873 1936 2937 verbis:
1996 2872 2310 2952 Ξυμβουλὴ
2355 2873 2462 2950 μὲν
2507 2871 2573 2945 δὴ
2617 2869 2717 2934 καὶ

705 2993 980 3066 ἐπιστολὴ
1026 2992 1252 3070 εἰρήσθω
1299 2991 1397 3056 καὶ
1445 2995 1478 3067 ἧ
1527 2992 1691 3073 παρὰ
1740 2992 2025 3058 Διονύσιον
2070 2992 2183 3071 ἐμὴ
2228 2989 2478 3072 πρότεροι
2519 2987 2721 3068 ἄφιξις

706 3110 1026 3194 (concinna
1070 3108 1392 3175 verborum
1432 3112 1727 3196 junctura
1742 3112 1812 3195 Ξ),
1862 3114 1895 3187 ἦ
1942 3110 2000 3174 δὲ
2046 3110 2111 3184 δὴ
2159 3108 2369 3188 ὑστέραι
2414 3109 2612 3189 πορείοι
2650 3132 2716 3173 τε

703 3228 804 3294 καὶ
852 3233 1035 3301 πλοῦς
1081 3231 1154 3300 ὡς
1200 3230 1428 3301 εἰκότως
1473 3254 1544 3294 τε
1590 3226 1727 3307 ἅμα
1771 3227 1871 3294 καὶ
1920 3231 2189 3307 ἐμμελῶς
2237 3228 2509 3309 γέγονεν,
2543 3222 2597 3308 ᾧ
2615 3227 2722 3303 μέ-

702 3362 793 3412 λει
838 3345 1060 3413 οὲκούειν
1118 3347 1307 3424 ἔξεστι
1365 3351 1433 3414 τὸ
1491 3349 1656 3426 μετὰ
1714 3353 1900 3414 τοῦτο.
1949 3371 2009 3432 p.
2057 3349 2183 3413 337
2234 3345 2307 3410 E.
2399 3344 2545 3408 Non
2592 3345 2721 3408 sine

705 3466 940 3530 ratione
985 3466 1187 3530 addit:
1236 3488 1440 3552 „quae
1471 3467 1683 3530 audiat
1714 3467 1816 3531 cui
1844 3466 2019 3531 lubet
2031 3464 2093 3544 ;''
2139 3465 2356 3528 Dionis
2388 3465 2719 3528 amicorum

705 3583 771 3647 in
814 3607 1100 3669 praesens
1145 3609 1360 3673 parum
1408 3608 1553 3650 sane
1596 3585 1889 3651 intererat
1931 3587 2050 3649 ista
2095 3584 2324 3648 audire.

800 3824 925 3888 HI.
996 3821 1223 3888 Narrat
1280 3824 1471 3910 igitur
1517 3822 1744 3909 quibus
1790 3823 2129 3888 rationibus
2176 3820 2479 3886 adductus
2526 3819 2605 3883 sit
2647 3825 2721 3883 ut

707 3941 959 4006 tertium
1001 3941 1162 4006 illud
1206 3942 1323 4007 iter
1369 3943 1721 4028 susciperet.
1814 3940 2209 4005 Increbuerat
2252 3939 2412 4003 fama
2428 3987 2447 4016 ,
2495 3937 2723 4021 Diony·

707 4060 869 4124 sium
927 4059 1181 4146 flagrare
1239 4084 1452 4125 rursus
1514 4082 1716 4124 amore
1759 4059 2213 4145 philosophiae:
2260 4060 2333 4128 ὥς
2378 4055 2718 4132 θαυμαστὸν

709 4173 839 4244 ὅσον
898 4178 1185 4251 Διονύσιος
1231 4180 1575 4252 ἐπιδεδωκὼς
1621 4176 1704 4254 εἴη
1757 4177 1896 4259 πρὸς
1940 4175 2313 4258 φιλοσοφίαν.
2362 4197 2421 4260 p.
2470 4175 2597 4237 339
2646 4171 2719 4236 B.

711 4295 930 4402 Itaque
975 4297 1365 4361 hortantibus
1412 4298 1619 4361 amicis
1637 4347 1657 4374 ,
1696 4297 1761 4360 in
1791 4295 1887 4360 his
1918 4294 2117 4358 Dione
2147 4300 2209 4358 et
2238 4292 2507 4376 Archyta
2522 4340 2541 4368 ‚
2575 4289 2724 4354 invi-
