3092 5084
1640 489 1721 551 50

667 704 770 762 tur
813 697 1088 764 Platonis
1134 695 1324 760 codex
1370 695 1688 761 Parisinus
1735 697 1815 760 A.
1876 695 2053 760 Idem
2098 697 2388 760 flosculus
2436 698 2692 762 redden-

663 817 780 880 dus
826 815 1108 900 scriptori
1155 815 1264 898 qui
1312 814 1809 899 epistolographo
1855 822 2081 879 nosti-02
2112 823 2308 881 aetate
2340 817 2651 900 proximus
2666 866 2685 894 ,

665 934 1027 999 Manethoni
1059 932 1220 1018 apud
1254 932 1498 1018 Ioseph.
1534 956 1587 997 e.
1624 934 1847 1018 Apion.
1881 933 1916 997 I
1931 983 1950 1012 ,
1993 937 2075 996 26
2093 985 2111 1012 ,
2146 935 2257 1000 ubi
2286 935 2473 999 simili
2504 957 2686 999 sensu

671 1053 788 1142 hoe
833 1052 1000 1118 dieto
1052 1052 1285 1116 utitur:
1335 1053 1382 1116 οἱ
1429 1053 1488 1116 δὲ
1536 1059 1866 1128 Σολυμῑται
1918 1103 1932 1118 .
1961 1100 1976 1115 .
2008 1104 2023 1119 .
2070 1051 2245 1125 οὕτως
2290 1054 2522 1122 ἀνοσίως
2570 1061 2689 1126 τοῖς

663 1174 965 1254 ἀνθρώποις
1026 1173 1492 1253 προσηνέχθησαν
1509 1222 1526 1255 ,
1575 1171 1721 1236 ὥστε
1778 1174 1883 1247 την
1940 1179 2051 1238 τῶν
2105 1173 2504 1252 προειρημένων
2550 1169 2681 1252 κροί-

665 1315 826 1365 τησιν
869 1290 1087 1370 χρυσὸν
1130 1291 1460 1372 φαίνεσθαι.
1527 1289 1625 1354 Ibi
1670 1313 1985 1375 perperam
2033 1298 2279 1355 auctore
2325 1289 2689 1354 Haveream-

664 1410 766 1494 pio
810 1409 1145 1474 novissima
1193 1409 1338 1473 edit.
1386 1410 1603 1490 χρυσὸν
1647 1410 1909 1473 mutavit
1954 1411 2018 1473 in
2061 1410 2375 1490 χειρίστην.

753 1525 1040 1592 Ceterum
1085 1529 1184 1592 hie
1223 1550 1468 1612 quoque
1513 1551 1639 1592 non
1686 1551 1882 1613 pauca
1912 1535 2057 1592 sunt
2090 1550 2497 1615 supervacua,
2532 1548 2687 1610 quae

664 1645 882 1710 melius
950 1647 1260 1724 abessent,
1339 1654 1414 1709 ut
1476 1645 1635 1710 iflud
1698 1647 1869 1727 φίλον
1943 1645 2120 1727 ἄνδρα
2188 1648 2311 1724 ἐμοὶ
2382 1645 2685 1727 πρεσβύ-

665 1788 853 1844 τερον
900 1763 1178 1845 Σωκράτη
1197 1813 1214 1846 ,
1265 1764 1440 1846 quasi
1485 1765 1773 1846 cuiquam
1819 1765 2198 1848 aequalium,
2242 1765 2347 1848 qui
2379 1763 2685 1828 Socratem

669 1889 731 1946 et
775 1882 1095 1946 Platonem
1137 1889 1419 1960 nossent,
1468 1881 1647 1946 illum
1691 1888 1843 1948 natu
1872 1884 2161 1948 maiorem
2188 1883 2375 1947 fuisse
2403 1885 2684 1967 ignotum

671 2024 800 2066 esse
846 2009 1053 2086 posset
1066 2027 1086 2079 3
1133 2008 1264 2066 tum
1312 2001 1470 2065 illud
1514 2002 1614 2066 ἐπί
1655 2026 1785 2066 τινα
1830 2007 1942 2067 τῶν
1985 2009 2233 2068 πολιτῶν
2279 2003 2407 2081 μεθ’
2442 2003 2688 2084 ἑτέραν

668 2118 964 2197 {mamm
999 2120 1261 2205 denique
1304 2122 1367 2185 οὐ
1407 2120 1624 2201 σμικροὶ
1660 2120 1905 2184 insolite
1944 2119 2231 2184 additum·
2261 2120 2457 2185 verbis
2496 2121 2550 2184 εἴ
2584 2123 2687 2185 τιν’

667 2235 837 2302 ἄλλα
860 2304 874 2316 ,
895 2245 1166 2304 τοιαῦτα.
1261 2236 1335 2301 In
1402 2237 1496 2301 his
1562 2245 1799 2302 autem:
1860 2237 1917 2303 ὃν
1963 2239 2171 2320 σχεδὸν
2216 2242 2315 2304 οὐκ
2359 2239 2430 2303 ἂν
2477 2239 2688 2319 αἰσχυ-

667 2357 861 2432 νοίμην
905 2357 1074 2420 εἰπὼν
1112 2355 1470 2421 δικαιότατον
1510 2353 1652 2441 εἶναι
1692 2363 1803 2422 τῶν
1841 2357 2013 2434 τότε,
2062 2364 2485 2442 praeterquam
2524 2355 2687 2438 quod

667 2473 876 2554 σχεδὸν
948 2473 1121 2539 valde
1190 2473 1405 2559 friget,
1473 2473 1729 2538 verbum
1792 2473 2175 2556 αἰσχυνοίμην
2234 2476 2513 2560 ineptum
2576 2480 2684 2537 est.

667 2589 837 2670 Quid
897 2592 1058 2656 enim
1118 2589 1430 2657 dedecoris
1500 2602 1607 2656 aut
1673 2593 1925 2677 pudoris
1994 2592 2215 2658 habere
2282 2595 2555 2678 poterat,
2630 2593 2681 2655 si

669 2709 976 2774 Socratem
1021 2711 1294 2774 omnium
1340 2713 1444 2794 qui
1490 2718 1639 2775 tune
1682 2720 1853 2776 erant
1890 2712 2115 2776 civium
2147 2712 2555 2797 justissimum
2586 2733 2685 2794 ap-

669 2828 986 2914 pellabat?
1047 2829 1494 2913 Requirebatur
1553 2853 1663 2914 pro
1710 2830 1827 2895 hoc
1870 2834 1971 2897 οὐκ
2014 2831 2087 2896 ἂν
2133 2833 2450 2910 ὀκνήσαιμι.
2541 2828 2688 2893 Non

671 2948 855 3011 semel
885 2949 951 3012 in
981 2971 1100 3012 usu
1130 2948 1314 3012 huius
1347 2949 1516 3014 verbi
1545 2956 1799 3034 peceant
1822 2949 2161 3034 Epistolae,
2195 2957 2268 3013 ut
2297 2949 2432 3027 III,
2467 2972 2527 3034 p.
2556 2951 2699 3014 317-

671 3065 756 3129 B:
806 3067 1166 3147 αἰσχύνομαι
1213 3068 1280 3142 δὴ
1325 3069 1520 3145 λέγειν
1568 3066 1695 3133 ὅσαι
1742 3069 1878 3134 τότε
1909 3069 2211 3132 ἐπιστολαὶ
2250 3069 2415 3147 παρα
2448 3074 2547 3132 σοῦ
2584 3067 2682 3130 καὶ

667 3188 804 3265 παρ’
864 3183 1062 3249 ἄλλων
1129 3183 1290 3261 ἦλθον
1309 3238 1327 3262 ,
1391 3208 1501 3271 pro
1565 3208 1687 3270 quo
1750 3209 1962 3250 sensus
2021 3185 2338 3271 flagitabat
2392 3186 2682 3263 αἰδοῦμαι.

668 3301 826 3368 Sunt
871 3311 1076 3368 autem
1120 3303 1303 3368 verba
1335 3304 1454 3368 illa
1497 3305 1817 3369 manifeste
1862 3305 2123 3368 imitatio
2170 3327 2379 3370 eorum
2426 3326 2580 3388 quae
2616 3303 2683 3366 in

669 3429 937 3486 extrema
990 3421 1334 3488 Phaedonis
1392 3423 1617 3510 pagina
1675 3424 1999 3508 leguntur:
2058 3421 2155 3498 ἥδε
2211 3427 2243 3500 ἦ
2288 3426 2536 3516 τελεντὴ
2580 3425 2681 3487 αν-

668 3541 786 3620 δρὸς
804 3592 822 3614 ,
887 3543 959 3614 ὥς
1023 3545 1190 3620 ἡμεῖς
1247 3550 1475 3625 φαῖμεν
1521 3541 1594 3607 ἂν
1611 3593 1628 3616 ,
1676 3550 1785 3607 τῶν
1828 3542 1964 3608 τοτε
2008 3539 2079 3608 ὧν
2138 3543 2509 3622 ἐπειράθημεν
2566 3541 2683 3622 αρί-

667 3681 806 3722 στου
865 3659 963 3723 καὶ
1019 3660 1219 3731 ἄλλως
1271 3658 1706 3742 Φρονιμωτοὶτου
1750 3660 1849 3725 καὶ
1897 3659 2276 3725 δικαιοτάτου.
2370 3658 2680 3744 Epistolae

665 3776 928 3842 imitatio
1006 3777 1206 3842 firmat
1282 3778 1604 3844 lectionem
1681 3785 1791 3842 τῶν
1858 3777 1993 3843 τότε
2009 3831 2027 3854 ,
2100 3799 2255 3860 quae
2322 3778 2679 3862 interpretes

666 3895 998 3958 nonnullos
1051 3896 1322 3961 offendit.
1414 3895 1600 3976 Quod
1645 3897 1711 3960 in
1758 3903 2025 3960 extrema
2071 3896 2371 3962 sententia
2414 3897 2674 3981 legitur:

667 4012 920 4102 ἔμαρτόν
977 4015 1356 4094 ἐπανήγαγον
1415 4016 1535 4080 ἀπὸ
1580 4021 1691 4080 τῶν
1735 4014 1867 4080 τότε
1913 4021 2101 4080 κακῶν
2118 4064 2135 4093 ,
2182 4037 2307 4080 non
2352 4022 2511 4079 reete
2556 4015 2680 4080 die-

665 4136 800 4194 tum
845 4132 1080 4216 opinor.
1128 4134 1488 4210 Ἐπανοέγειν
1535 4134 1833 4218 signifieat
1878 4133 2118 4211 ἀνάγειν
2154 4135 2255 4199 ε’πί
2290 4158 2374 4211 τι,
2399 4135 2679 4218 proferre

665 4250 761 4313 vel
814 4251 1038 4336 referre
1097 4254 1207 4330 ad,
1269 4253 1334 4316 in
1347 4301 1366 4330 ,
1433 4260 1495 4316 et
1556 4252 1641 4316 ita
1698 4253 1823 4316 fere
1867 4255 1946 4324 εἷς
1962 4301 1981 4335 ,
2004 4253 2123 4320 ,ἐπὶ
2142 4303 2159 4334 ,
2210 4254 2343 4334 πρὸς
2390 4252 2677 4337 adjuncta
