3092 5084
1612 464 1738 521 224

652 667 832 732 detur
899 668 976 732 de
1038 669 1152 732 hoc
1223 669 1576 732 Aristoxeni
1636 667 2062 732 testimonium
2079 717 2096 745 ‚
2164 670 2270 752 qui
2333 669 2396 732 in
2459 669 2670 734 Harm.

652 786 953 851 Element.
1016 786 1058 850 1.
1123 785 1193 850 II
1239 787 1377 851 init.
1406 787 1455 870 l)
1504 787 1655 852 haec
1701 787 1915 850 refert:
1963 788 2239 870 Καθάπερ
2272 789 2673 870 Ἀριστοτέλης

651 906 743 972 ἀεὶ
794 907 1045 983 διηγεῖτο
1105 906 1237 978 τοὺς
1294 907 1612 978 πλείστους
1658 913 1770 970 τῶν
1814 904 2181 971 ἀκουσάντων
2218 907 2381 986 παρὰ
2423 907 2673 972 Πλάτω-

652 1049 738 1096 νος
784 1028 891 1102 τὴν
938 1009 1092 1104 περὶ
1139 1026 1461 1102 τάγαθοῦ
1510 1025 1787 1104 ἀκρόασιν
1834 1026 2070 1088 παθεῖν·
2119 1025 2400 1105 προσιέναι
2424 1034 2531 1102 μὲν
2552 1027 2672 1105 γαρ

652 1140 896 1208 ἕκαστον
943 1142 1451 1222 ὑπολαμβάνοντα
1484 1143 1780 1222 λήψεσθαί
1814 1167 1871 1207 τι
1906 1148 2018 1206 τῶν
2053 1141 2423 1223 νομιζομένων
2459 1145 2674 1208 τούτων

652 1261 1003 1341 ἀνθρωπίνων
1070 1263 1307 1337 άγαθῶν
1334 1313 1349 1326 .
1380 1311 1393 1325 .
1426 1310 1441 1324 .
1468 1311 1481 1334 ,
1563 1258 1659 1325 ὅτε
1719 1261 1776 1325 δὲ
1839 1264 2167 1343 φανείησαν
2225 1263 2273 1325 οἱ
2331 1262 2494 1339 λόγοι
2551 1262 2674 1341 περὶ

652 1381 1017 1458 μαθημάτων
1086 1380 1180 1446 καὶ
1246 1382 1494 1458 άριθμῶν
1554 1380 1650 1443 καὶ
1712 1379 2072 1459 γεωμετρίας
2133 1382 2231 1445 καὶ
2288 1381 2676 1459 ἀστρολογίας

654 1502 751 1562 καὶ
798 1500 864 1563 τὸ
910 1498 1088 1577 πέρας
1137 1499 1221 1564 ὅτι
1267 1499 1535 1575 τάγαθόν
1583 1501 1739 1563 ἐστιν
1783 1495 1840 1564 ἓν
1857 1547 1875 1581 ,
1916 1506 2220 1576 παντελῶς
2242 1495 2401 1574 οἶμαι
2426 1497 2675 1577 παράδο-

655 1617 749 1693 ξον
767 1639 773 1644 ’
790 1619 1061 1698 ἐφαίνετο
1086 1620 1303 1689 αὐτοῖς.
1352 1617 1780 1696 ‚‚AristoteleS,
1810 1617 1978 1695 dicit,
2003 1641 2247 1682 narrare
2268 1620 2482 1682 solebat
2505 1618 2675 1701 (haec

664 1743 757 1799 est
804 1737 892 1799 vis
939 1736 1277 1820 imperfecti
1304 1735 1612 1819 διηγεῖτο),
1647 1735 1950 1820 plerisque
1982 1758 2190 1800 eorum
2225 1736 2332 1820 qui
2356 1735 2675 1800 Platonem

662 1853 945 1918 audirent
988 1857 1058 1918 de
1105 1858 1243 1918 bono
1283 1853 1677 1918 disserentem
1736 1853 1848 1917 hoc
1913 1854 2230 1917 accidisse:
2268 1854 2678 1938 opinabantur

656 1995 719 2052 se
764 1973 1085 2037 audituros
1132 1973 1432 2037 dicentem
1481 1972 1558 2036 de
1603 1973 1680 2036 iis
1729 1995 1884 2057 quae
1931 1973 2115 2056 vulgo
2162 1973 2317 2037 bona
2368 1973 2442 2036 ab
2482 1972 2674 2036 homi-

656 2091 838 2156 nibus
886 2098 1220 2176 putantur,
1270 2090 1375 2154 sed
1424 2113 1617 2176 quum
1664 2091 1739 2155 de
1785 2092 2230 2155 mathematicis
2278 2100 2338 2154 et
2385 2091 2459 2155 de
2492 2097 2678 2154 astro-

655 2211 862 2276 nomia
908 2219 969 2274 et
1015 2209 1089 2274 de
1134 2233 1260 2274 uno
1306 2211 1658 2274 ratiocinari
1702 2211 2029 2296 inciperet,
2065 2211 2435 2294 exspectatio
2469 2233 2675 2274 eorum

656 2330 908 2394 mirifice
952 2331 1245 2394 frustrata
1290 2329 1445 2393 est.'’
1494 2329 1900 2393 Aristoxenus
1932 2329 2034 2393 hic
2058 2352 2182 2393 non
2217 2331 2514 2414 scriptum
2547 2330 2682 2392 Ari-

659 2438 915 2524 stotelis
942 2449 1168 2513 librum
1219 2472 1250 2512 e
1300 2448 1576 2512 Platonis
1609 2448 1832 2512 scholis
1866 2447 1941 2512 de
1972 2448 2133 2512 bono
2166 2436 2554 2525 derivatum‚'
2576 2447 2680 2511 sed

656 2576 899 2633 tantum
932 2590 1236 2632 sermones
1277 2567 1409 2631 eius
1453 2567 1567 2630 hac
1599 2565 1674 2630 de
1697 2590 1762 2630 re
1787 2567 1986 2630 refert.
2037 2566 2257 2650 Itaque
2282 2566 2446 2631 hunc
2476 2565 2680 2630 locum

660 2667 711 2752 si
757 2709 897 2760 cum
944 2686 1248 2771 prioribus
1297 2709 1717 2770 comparamus
1731 2735 1751 2764 ‚
1799 2685 2112 2771 probabile
2156 2687 2226 2748 fit
2264 2685 2583 2750 Platonem
2615 2686 2678 2748 in

660 2805 1041 2868 sermonibus
1101 2806 1226 2884 περὶ
1287 2806 1551 2881 τάγαθοῦ
1614 2805 1795 2868 etiam
1849 2805 2274 2868 mathematica
2339 2811 2398 2867 et
2454 2803 2678 2888 Pytha-

662 2923 865 3006 gorica
924 2923 1198 3006 tetigisse
1261 2932 1443 3006 atque
1505 2923 1648 2986 inde
1695 2922 1939 2987 fluxisse
1986 2923 2450 2987 commentarios
2499 2944 2677 3006 quos-

663 3041 801 3104 dam
856 3041 1236 3106 continentes
1296 3042 1693 3121 Πυθαγόρεια,
1743 3063 1900 3125 quae
1945 3042 2008 3106 in
2061 3041 2339 3127 Epistola
2381 3049 2675 3125 tanquam

661 3158 936 3223 Platonis
984 3161 1386 3238 ὑπομνήματα
1430 3168 1862 3225 memorantur.

752 3277 843 3341 Ex
906 3279 982 3342 iis
1051 3301 1205 3363 quae
1271 3279 1522 3364 exposui
1568 3278 1684 3342 hoc
1733 3278 2010 3343 efficitur.
2083 3278 2434 3342 Aristotelis
2482 3287 2679 3342 aetate

665 3405 726 3460 et
801 3398 1075 3482 proximo
1139 3396 1421 3482 deinceps
1490 3405 1762 3482 tempore
1835 3397 2156 3461 doctorum
2223 3397 2508 3462 manibus
2578 3398 2681 3461 tri-

663 3525 797 3580 tum
865 3517 1052 3580 fuisse
1105 3516 1608 3580 commentarium
1662 3516 1937 3580 Platonis
1985 3516 2229 3580 nomine
2283 3516 2676 3601 insignitum,

664 3637 767 3700 cui
827 3636 1050 3700 titulus
1114 3644 1272 3700 esset
1333 3634 1594 3714 ἄγραφα
1659 3636 1976 3714 δόγματας
2026 3634 2215 3698 alium
2233 3683 2250 3712 ,
2300 3634 2517 3718 prioris
2563 3635 2679 3698 for-

665 3762 825 3818 tasse
872 3762 1103 3839 partem
1121 3805 1139 3831 ,
1206 3755 1569 3838 inscriptum
1628 3745 1950 3832 διαιρέσειςς
1998 3753 2251 3816 fortasse
2297 3752 2480 3816 etiam
2528 3753 2677 3816 alios

664 3873 787 3952 περὶ
837 3874 1100 3950 τάγαθοῦ
1120 3927 1137 3948 ,
1203 3874 1327 3953 περὶ
1374 3873 1732 3955 φιλοσοφίας
1753 3921 1771 3950 ,
1821 3873 1944 3951 περὶ
1992 3872 2384 3950 Πυθαγορείων
2429 3872 2680 3972 ipscrip·

741 4165 787 4222 1)
826 4125 1001 4212 Locum
1037 4163 1154 4211 citat
1189 4163 1513 4219 Schiirmanu‚
1550 4161 1608 4208 de
1641 4161 1745 4209 Deo
1781 4160 1970 4208 Platon.
2007 4175 2052 4224 p.
2090 4160 2169 4207 20.
2221 4159 2469 4207 Invenitur
2493 4159 2538 4206 in
2565 4158 2684 4206 Mei·

672 4259 817 4307 bomii
864 4259 1024 4322 Antiq.
1062 4259 1227 4306 music.
1265 4263 1390 4306 auct.
1425 4261 1633 4320 septem,
1669 4258 1720 4315 1,
1756 4272 1802 4320 p.
1837 4257 1917 4305 30.
