3092 5084
1603 481 1723 542 180

645 686 894 751 fuerunt
970 711 1023 751 a.
1096 687 1173 750 U.
1237 689 1403 765 408,
1468 709 1520 751 a.
1586 685 1654 750 O.
1720 689 1883 764 348,
1948 709 2070 770 quo
2136 687 2269 772 ipso
2331 709 2490 750 anno
2551 696 2659 751 aut

647 807 920 892 proximo
980 805 1155 870 Plato
1217 805 1377 870 diem
1434 806 1606 871 obiit.
1701 804 1886 885 Quod
1935 806 2010 869 ad
2055 806 2348 870 Pontium
2394 807 2646 885 attinet,

644 925 750 1008 qui
796 923 1025 1009 proelio
1072 923 1351 989 Caudino
1398 947 1582 988 senex
1627 925 1746 988 fuit
1793 925 2036 1009 „gravis
2084 925 2298 989 annis”
2330 924 2486 1010 (Liv.
2515 924 2610 988 IX
2634 974 2654 1002 ,

646 1045 743 1128 3),
792 1044 845 1106 si
890 1044 1174 1129 ponimus
1221 1066 1361 1108 eum
1407 1066 1459 1108 a.
1510 1067 1562 1108 a.
1614 1043 1685 1107 G.
1729 1046 1893 1121 321,
1929 1066 2050 1128 quo
2082 1051 2424 1129 pugnatum
2455 1050 2547 1109 est
2579 1043 2653 1107 ad

640 1161 909 1226 furculas
929 1152 1250 1226 'Caudinas
1267 1211 1285 1241 ,
1321 1163 1638 1253 sexaginta
1672 1163 1944 1247 quinque
1975 1185 2164 1226 annos
2194 1171 2406 1227 natum
2432 1163 2652 1239 fuisse,

640 1279 959 1345 Platonem
995 1281 1217 1345 iterum
1248 1280 1496 1346 Tarenti
1528 1281 1869 1365 degentem,
1903 1282 2062 1346 circa
2092 1305 2320 1346 annum
2345 1283 2472 1345 365
2500 1304 2552 1344 a.
2581 1279 2650 1345 C.

638 1398 841 1463 videre
886 1399 973 1462 ibi
1014 1400 1218 1484 potuit
1239 1449 1257 1478 ,
1280 1401 1323 1484 ¹)
1355 1399 1704 1464 adolescens
1736 1400 1953 1484 viginti
1985 1421 2300 1464 annorum.
2349 1399 2652 1464 Credibile

635 1526 840 1582 tamen
885 1524 1078 1582 totam
1126 1518 1282 1582 hanc
1329 1519 1756 1585 narrationem,
1779 1541 1908 1583 esse
1951 1519 2281 1596 fictionem,
2309 1517 2647 1603 cujusmodi

636 1635 841 1720 plures
889 1637 1229 1721 antiquitus
1275 1637 1656 1716 ferebantur;
1705 1637 2036 1702 consulum.
2058 1637 2306 1702 nomina
2336 1638 2387 1701 si
2419 1659 2454 1700 a
2485 1635 2652 1700 Cice·

632 1776 781 1818 rone
812 1754 1021 1819 addita
1052 1762 1226 1832 sunt,
1262 1755 1429 1820 aliud
1462 1763 1624 1820 certe
1648 1779 1830 1840 agens
1855 1756 2047 1820 Attici
2071 1755 2339 1820 Annales
2363 1756 2646 1840 inspexit.

635 1871 919 1937 Ceterum
967 1895 1107 1938 cum
1154 1896 1226 1937 ex
1272 1873 1383 1937 hac
1422 1874 1876 1938 narratiuncula
1907 1882 2040 1938 tum
2073 1897 2105 1938 e
2135 1874 2514 1958 scriptorum·
2530 1874 2648 1937 dis-

636 1992 912 2056 sensione
928 2042 945 2069 ,
981 2014 1165 2075 quam
1196 1991 1378 2057 modo
1411 1993 1590 2078 attigi
1605 2043 1622 2070 ,
1658 2002 1909 2078 apparet
1923 2043 1942 2070 ,
1977 1993 2159 2057 etiam
2189 1994 2253 2057 in
2292 1993 2406 2057 hoc
2429 1994 2645 2056 itinere

636 2112 713 2175 ad
758 2110 1117 2176 Tarentinos
1162 2111 1359 2176 multa
1402 2111 1541 2175 ficta
1587 2117 1695 2176 aut
1740 2111 1900 2176 fama
1945 2119 2124 2176 aucta
2169 2134 2314 2177 esse.

724 2230 1187 2314 Disquisitionis
1256 2252 1493 2293 summa
1557 2229 1679 2294 huc
1739 2230 1915 2295 redit.
2018 2229 2486 2314 Quaecumque,
2549 2252 2645 2293 ex-

636 2350 827 2434 ceptis
872 2349 1193 2414 itineribus
1238 2349 1304 2413 in
1348 2348 1593 2414 Italiam
1617 2356 1677 2412 et
1701 2347 1966 2414 Siciliam
1983 2399 2003 2428 ,
2037 2349 2112 2414 de
2142 2348 2479 2434 longinqua
2508 2348 2643 2412 Pla-

632 2469 795 2532 tonis
825 2468 1306 2555 peregrinatione
1329 2475 1672 2547 narrantur,
1700 2490 1771 2532 ea
1793 2491 1932 2533 cum
1962 2468 2255 2554 Epistolis
2270 2519 2288 2546 ,
2322 2468 2645 2554 praecipue

592 2585 760 2650 -VII
822 2595 881 2652 et
948 2586 1085 2664 III,
1146 2609 1271 2650 non
1324 2585 1717 2665 concordare,
1783 2594 1966 2671 atque
2025 2587 2076 2650 si
2136 2587 2512 2651 diversorum
2557 2593 2643 2650 te-

634 2705 819 2770 stium
882 2706 1212 2769 auctoritas
1259 2706 1667 2791 ponderatur,
1715 2705 2020 2792 Epistolas
2068 2707 2434 2790 antiquitate
2479 2713 2640 2770 certe

632 2823 845 2887 ceteris
892 2830 1227 2905 antestare;
1277 2823 1442 2909 quod
1480 2833 1722 2888 mortuo
1762 2824 2006 2888 Socrate
2045 2824 2354 2910 Megaram
2402 2845 2641 2888 conces-

632 2943 779 3007 sisse
825 2942 1080 3021 dicitur,
1127 2943 1225 3022 id,
1274 2943 1329 3007 si
1386 2951 1591 3008 tamen
1644 2965 1855 3008 verum
1909 2951 2034 3021 est,
2091 2945 2296 3028 potius
2335 2943 2523 3007 fuisse
2554 2943 2641 3007 di-

630 3061 999 3146 gressionem
1061 3083 1241 3145 quam
1297 3062 1829 3127 commorationem
1840 3089 1858 3140 ;
1923 3084 2078 3146 quae
2135 3063 2210 3126 de
2265 3062 2638 3147 profectione

628 3182 693 3245 in
740 3182 1092 3267 Aegyptum
1139 3188 1198 3245 et
1244 3180 1521 3266 Cyrenen
1568 3189 1628 3245 et
1674 3181 1748 3246 de
1784 3183 2141 3246 commercio
2177 3204 2316 3246 cum
2349 3180 2544 3246 doctis
2577 3188 2640 3244 et

631 3282 1069 3366 sacerdotibus·
1104 3300 1582 3385 Hieropolitanis
1642 3301 1868 3366 tradita
1927 3309 2105 3380 sunt,
2166 3300 2342 3365 valde
2404 3301 2648 3365 incerta>

628 3443 791 3499 esse,
840 3443 943 3498 ac,
988 3419 1109 3484 nisi
1152 3419 1294 3482 ficta
1323 3428 1496 3497 sunt,
1528 3419 1690 3482 fama
1717 3427 1878 3484 certe
1911 3420 2095 3505 supra
2123 3419 2304 3483 fidem
2336 3419 2593 3485 crevisse
2611 3443 2630 3494 ;

626 3538 892 3622 denique
954 3539 1004 3602 si
1066 3559 1190 3602 non
1244 3559 1485 3602 omnem
1530 3537 1710 3602 fidem
1755 3538 2078 3603 itineribus
2123 3537 2244 3601 illis
2289 3535 2630 3621 negandam

588 3664 915 3749 ‘putamus
931 3706 949 3735 ,
998 3663 1159 3720 certe
1202 3678 1328 3721 non
1374 3657 1449 3721 de
1494 3657 1679 3743 longa
1721 3657 2204 3742 peregrinatione
2235 3656 2629 3740 cogitandum

627 3797 755 3838 esse
772 3825 791 3852 ,
854 3775 959 3839 sed
1019 3774 1094 3839 de
1154 3774 1351 3838 brevis
1410 3775 1698 3861 temporis
1759 3797 2033 3852 excessu,
2084 3768 2261 3858 quem
2316 3773 2628 3859 Epistolae

625 3893 903 3978 scriptori
947 3893 1190 3959 silentio
1234 3893 1556 3978 praeterire
1603 3893 1861 3958 licuerit.

694 4093 741 4154 1)
787 4093 1023 4158 Archytas
1047 4095 1197 4152 diem
1216 4093 1336 4143 obiit
1368 4109 1410 4142 a.
1444 4092 1568 4142 365:
1602 4093 1764 4158 itaque
1795 4093 1919 4142 alter
1957 4093 2170 4142 Platonis
2193 4093 2422 4142 adventus
2453 4092 2628 4142 'Paren-

614 4192 729 4256 'tum
763 4193 873 4238 ante
906 4187 997 4238 hoc
1027 4193 1222 4254 *tempus
1251 4189 1410 4249 locum
1445 4185 1616 4236 habere
1651 4188 1830 4236 debuit.

1376 4327 1381 4336 .
1466 4311 1806 4337 ψ-
