<?xml version="1.0" encoding="UTF-8"?>
<!DOCTYPE html PUBLIC "-//W3C//DTD XHTML 1.0 Transitional//EN"
    "http://www.w3.org/TR/xhtml1/DTD/xhtml1-transitional.dtd">
<html xmlns="http://www.w3.org/1999/xhtml" xml:lang="en" lang="en">
 <head>
  <title>
</title>
<meta http-equiv="Content-Type" content="text/html;charset=utf-8" />
  <meta name='ocr-system' content='tesseract 3.04.00' />
  <meta name='ocr-capabilities' content='ocr_page ocr_carea ocr_par ocr_line ocrx_word'/>
</head>
<body>
  <div class='ocr_page' id='page_1' title='image "./commentatiocrit01karsgoog_0215.png"; bbox 0 0 3092 5084; ppageno 0'>
   <div class='ocr_carea' id='block_1_1' title="bbox 1403 496 1644 562">
    <p class='ocr_par' dir='ltr' id='par_1_1' title="bbox 1403 496 1644 562">
     <span class='ocr_line' id='line_1_1' title="bbox 1403 496 1644 562; baseline -0.004 -1"><span class='ocrx_word' id='word_1_1' title='bbox 1403 500 1525 562; x_wconf 80' lang='lat'><strong>179</strong></span> <span class='ocrx_word' id='word_1_2' title='bbox 1634 496 1644 516; x_wconf 74' lang='grc'><strong>“</strong></span> 
     </span>
    </p>
   </div>
   <div class='ocr_carea' id='block_1_2' title="bbox 466 703 2481 3758">
    <p class='ocr_par' dir='ltr' id='par_1_2' title="bbox 466 703 2477 1382">
     <span class='ocr_line' id='line_1_2' title="bbox 468 703 2472 791; baseline -0 -24"><span class='ocrx_word' id='word_1_3' title='bbox 468 726 569 768; x_wconf 88' lang='lat' dir='ltr'><strong>rae</strong></span> <span class='ocrx_word' id='word_1_4' title='bbox 629 705 1011 791; x_wconf 83' lang='lat' dir='ltr'><strong>disciplinam</strong></span> <span class='ocrx_word' id='word_1_5' title='bbox 1071 710 1491 789; x_wconf 86' lang='lat' dir='ltr'><strong>cognosceret:</strong></span> <span class='ocrx_word' id='word_1_6' title='bbox 1567 705 1830 789; x_wconf 90' lang='lat' dir='ltr'><strong>primum</strong></span> <span class='ocrx_word' id='word_1_7' title='bbox 1891 711 2133 767; x_wconf 91' lang='lat' dir='ltr'><strong>mortuo</strong></span> <span class='ocrx_word' id='word_1_8' title='bbox 2194 703 2437 767; x_wconf 88' lang='lat' dir='ltr'><strong>Socrate</strong></span> <span class='ocrx_word' id='word_1_9' title='bbox 2453 753 2472 782; x_wconf 96' lang='lat'><strong>,</strong></span> 
     </span>
     <span class='ocr_line' id='line_1_3' title="bbox 467 821 2477 908; baseline 0 -23"><span class='ocrx_word' id='word_1_10' title='bbox 467 822 687 887; x_wconf 88' lang='lat' dir='ltr'><strong>iterum</strong></span> <span class='ocrx_word' id='word_1_11' title='bbox 740 830 949 908; x_wconf 89' lang='lat' dir='ltr'><strong>postea</strong></span> <span class='ocrx_word' id='word_1_12' title='bbox 963 873 981 902; x_wconf 97' lang='lat'><strong>,</strong></span> <span class='ocrx_word' id='word_1_13' title='bbox 1037 822 1339 908; x_wconf 76' lang='lat' dir='ltr'><strong>Eurytum</strong></span> <span class='ocrx_word' id='word_1_14' title='bbox 1390 821 1786 887; x_wconf 85' lang='lat' dir='ltr'><strong>Tarentinum</strong></span> <span class='ocrx_word' id='word_1_15' title='bbox 1836 830 1898 886; x_wconf 90' lang='lat' dir='ltr'><strong>et</strong></span> <span class='ocrx_word' id='word_1_16' title='bbox 1928 823 2223 886; x_wconf 81' lang='lat' dir='ltr'><strong>seniorem</strong></span> <span class='ocrx_word' id='word_1_17' title='bbox 2248 822 2477 906; x_wconf 89' lang='lat' dir='ltr'><strong>Archy-</strong></span> 
     </span>
     <span class='ocr_line' id='line_1_4' title="bbox 466 934 2476 1028; baseline 0.001 -24"><span class='ocrx_word' id='word_1_18' title='bbox 466 934 593 1006; x_wconf 85' lang='lat' dir='ltr'><strong>tam</strong></span> <span class='ocrx_word' id='word_1_19' title='bbox 648 950 931 1007; x_wconf 78' lang='lat' dir='ltr'><strong>sectatus,</strong></span> <span class='ocrx_word' id='word_1_20' title='bbox 1023 942 1263 1006; x_wconf 92' lang='lat' dir='ltr'><strong>Horum</strong></span> <span class='ocrx_word' id='word_1_21' title='bbox 1308 943 1611 1028; x_wconf 79' lang='lat' dir='ltr'><strong>posterius</strong></span> <span class='ocrx_word' id='word_1_22' title='bbox 1655 943 1771 1007; x_wconf 90' lang='lat' dir='ltr'><strong>iter</strong></span> <span class='ocrx_word' id='word_1_23' title='bbox 1817 942 2142 1028; x_wconf 82' lang='lat' dir='ltr'><strong>quadraret</strong></span> <span class='ocrx_word' id='word_1_24' title='bbox 2203 964 2342 1006; x_wconf 91' lang='lat' dir='ltr'><strong>cum</strong></span> <span class='ocrx_word' id='word_1_25' title='bbox 2390 965 2476 1006; x_wconf 91' lang='lat' dir='ltr'><strong>se-</strong></span> 
     </span>
     <span class='ocr_line' id='line_1_5' title="bbox 467 1060 2475 1146; baseline 0 -22"><span class='ocrx_word' id='word_1_26' title='bbox 467 1060 669 1124; x_wconf 90' lang='lat' dir='ltr'><strong>cundo</strong></span> <span class='ocrx_word' id='word_1_27' title='bbox 715 1062 845 1125; x_wconf 91' lang='lat' dir='ltr'><strong>eius</strong></span> <span class='ocrx_word' id='word_1_28' title='bbox 891 1062 1157 1126; x_wconf 87' lang='lat' dir='ltr'><strong>adventu</strong></span> <span class='ocrx_word' id='word_1_29' title='bbox 1200 1061 1266 1125; x_wconf 90' lang='lat' dir='ltr'><strong>in</strong></span> <span class='ocrx_word' id='word_1_30' title='bbox 1311 1060 1600 1125; x_wconf 88' lang='lat' dir='ltr'><strong>Siciliam.</strong></span> <span class='ocrx_word' id='word_1_31' title='bbox 1702 1060 1982 1145; x_wconf 88' lang='lat' dir='ltr'><strong>Denique</strong></span> <span class='ocrx_word' id='word_1_32' title='bbox 2028 1060 2308 1126; x_wconf 71' lang='lat' dir='ltr'><strong>Laertius</strong></span> <span class='ocrx_word' id='word_1_33' title='bbox 2355 1064 2475 1146; x_wconf 90' lang='lat' dir='ltr'><strong>(su-</strong></span> 
     </span>
     <span class='ocr_line' id='line_1_6' title="bbox 467 1179 2477 1265; baseline 0.002 -24"><span class='ocrx_word' id='word_1_34' title='bbox 467 1201 577 1262; x_wconf 90' lang='lat' dir='ltr'><strong>pra</strong></span> <span class='ocrx_word' id='word_1_35' title='bbox 630 1202 688 1264; x_wconf 91' lang='lat' dir='ltr'><strong>p.</strong></span> <span class='ocrx_word' id='word_1_36' title='bbox 752 1181 898 1264; x_wconf 88' lang='grc'>166)</span> <span class='ocrx_word' id='word_1_37' title='bbox 944 1202 1084 1243; x_wconf 87' lang='grc'><strong>011111</strong></span> <span class='ocrx_word' id='word_1_38' title='bbox 1127 1181 1192 1243; x_wconf 91' lang='grc'><strong>111</strong></span> <span class='ocrx_word' id='word_1_39' title='bbox 1238 1179 1420 1244; x_wconf 88' lang='lat' dir='ltr'><strong>Italia</strong></span> <span class='ocrx_word' id='word_1_40' title='bbox 1463 1201 1605 1243; x_wconf 91' lang='lat' dir='ltr'><strong>cum</strong></span> <span class='ocrx_word' id='word_1_41' title='bbox 1649 1179 2046 1265; x_wconf 79' lang='lat' dir='ltr'><strong>Pythagoreis</strong></span> <span class='ocrx_word' id='word_1_42' title='bbox 2090 1181 2368 1246; x_wconf 91' lang='lat' dir='ltr'><strong>Philolao</strong></span> <span class='ocrx_word' id='word_1_43' title='bbox 2415 1189 2477 1246; x_wconf 91' lang='lat' dir='ltr'><strong>et</strong></span> 
     </span>
     <span class='ocr_line' id='line_1_7' title="bbox 468 1293 1638 1382; baseline 0.003 -23"><span class='ocrx_word' id='word_1_44' title='bbox 468 1293 703 1382; x_wconf 85' lang='lat' dir='ltr'><strong>Euryto</strong></span> <span class='ocrx_word' id='word_1_45' title='bbox 749 1320 1139 1382; x_wconf 85' lang='lat' dir='ltr'><strong>congressum</strong></span> <span class='ocrx_word' id='word_1_46' title='bbox 1184 1321 1334 1363; x_wconf 81' lang='lat' dir='ltr'><strong>esse·</strong></span> <span class='ocrx_word' id='word_1_47' title='bbox 1358 1305 1638 1362; x_wconf 89' lang='lat' dir='ltr'><strong>testatur.</strong></span> 
     </span>
    </p>

    <p class='ocr_par' dir='ltr' id='par_1_3' title="bbox 468 1415 2479 2573">
     <span class='ocr_line' id='line_1_8' title="bbox 557 1415 2475 1483; baseline 0.001 -3"><span class='ocrx_word' id='word_1_48' title='bbox 557 1415 811 1481; x_wconf 88' lang='lat' dir='ltr'><strong>Collatis</strong></span> <span class='ocrx_word' id='word_1_49' title='bbox 858 1418 952 1481; x_wconf 91' lang='lat' dir='ltr'><strong>his</strong></span> <span class='ocrx_word' id='word_1_50' title='bbox 998 1419 1361 1482; x_wconf 85' lang='lat' dir='ltr'><strong>testimoniis</strong></span> <span class='ocrx_word' id='word_1_51' title='bbox 1407 1418 1683 1483; x_wconf 86' lang='lat' dir='ltr'><strong>videmus</strong></span> <span class='ocrx_word' id='word_1_52' title='bbox 1730 1440 1938 1482; x_wconf 89' lang='lat' dir='ltr'><strong>omnes</strong></span> <span class='ocrx_word' id='word_1_53' title='bbox 1984 1417 2050 1481; x_wconf 90' lang='lat' dir='ltr'><strong>in</strong></span> <span class='ocrx_word' id='word_1_54' title='bbox 2082 1419 2196 1481; x_wconf 92' lang='lat' dir='ltr'><strong>hoc</strong></span> <span class='ocrx_word' id='word_1_55' title='bbox 2229 1439 2475 1482; x_wconf 88' lang='lat' dir='ltr'><strong>consen-</strong></span> 
     </span>
     <span class='ocr_line' id='line_1_9' title="bbox 468 1533 2478 1622; baseline 0.001 -24"><span class='ocrx_word' id='word_1_56' title='bbox 468 1535 583 1599; x_wconf 89' lang='lat' dir='ltr'><strong>tire</strong></span> <span class='ocrx_word' id='word_1_57' title='bbox 598 1585 616 1613; x_wconf 98' lang='lat'><strong>,</strong></span> <span class='ocrx_word' id='word_1_58' title='bbox 650 1533 968 1601; x_wconf 85' lang='lat' dir='ltr'><strong>Platonem</strong></span> <span class='ocrx_word' id='word_1_59' title='bbox 989 1537 1067 1600; x_wconf 88' lang='lat' dir='ltr'><strong>ad</strong></span> <span class='ocrx_word' id='word_1_60' title='bbox 1088 1536 1499 1621; x_wconf 84' lang='lat' dir='ltr'><strong>Pythagoreos</strong></span> <span class='ocrx_word' id='word_1_61' title='bbox 1532 1535 1868 1600; x_wconf 90' lang='lat' dir='ltr'><strong>audiendos</strong></span> <span class='ocrx_word' id='word_1_62' title='bbox 1890 1537 1956 1600; x_wconf 93' lang='lat' dir='ltr'><strong>in</strong></span> <span class='ocrx_word' id='word_1_63' title='bbox 1981 1535 2224 1600; x_wconf 86' lang='lat' dir='ltr'><strong>Italiam</strong></span> <span class='ocrx_word' id='word_1_64' title='bbox 2249 1536 2478 1622; x_wconf 87' lang='lat' dir='ltr'><strong>profec-</strong></span> 
     </span>
     <span class='ocr_line' id='line_1_10' title="bbox 468 1653 2474 1740; baseline 0.001 -24"><span class='ocrx_word' id='word_1_65' title='bbox 468 1660 603 1717; x_wconf 90' lang='lat' dir='ltr'><strong>tum</strong></span> <span class='ocrx_word' id='word_1_66' title='bbox 673 1677 801 1718; x_wconf 89' lang='lat' dir='ltr'><strong>esse</strong></span> <span class='ocrx_word' id='word_1_67' title='bbox 816 1680 834 1732; x_wconf 99' lang='lat'>3</span> <span class='ocrx_word' id='word_1_68' title='bbox 898 1655 1170 1740; x_wconf 83' lang='lat' dir='ltr'><strong>plerique</strong></span> <span class='ocrx_word' id='word_1_69' title='bbox 1248 1655 1579 1720; x_wconf 86' lang='lat' dir='ltr'><strong>Tarentum</strong></span> <span class='ocrx_word' id='word_1_70' title='bbox 1657 1654 1874 1719; x_wconf 84' lang='lat' dir='ltr'><strong>adiisse</strong></span> <span class='ocrx_word' id='word_1_71' title='bbox 1943 1655 2190 1732; x_wconf 89' lang='lat' dir='ltr'><strong>dicunt,</strong></span> <span class='ocrx_word' id='word_1_72' title='bbox 2263 1653 2474 1718; x_wconf 83' lang='lat' dir='ltr'><strong>Cicero</strong></span> 
     </span>
     <span class='ocr_line' id='line_1_11' title="bbox 470 1772 2474 1860; baseline 0.001 -25"><span class='ocrx_word' id='word_1_73' title='bbox 470 1773 651 1836; x_wconf 91' lang='lat' dir='ltr'><strong>etiam</strong></span> <span class='ocrx_word' id='word_1_74' title='bbox 696 1772 923 1837; x_wconf 89' lang='lat' dir='ltr'><strong>Locros</strong></span> <span class='ocrx_word' id='word_1_75' title='bbox 970 1774 1158 1838; x_wconf 91' lang='lat' dir='ltr'><strong>addit.</strong></span> <span class='ocrx_word' id='word_1_76' title='bbox 1251 1775 1345 1838; x_wconf 91' lang='lat' dir='ltr'><strong>De</strong></span> <span class='ocrx_word' id='word_1_77' title='bbox 1390 1775 1770 1860; x_wconf 90' lang='lat' dir='ltr'><strong>philosophis</strong></span> <span class='ocrx_word' id='word_1_78' title='bbox 1818 1782 2023 1838; x_wconf 89' lang='lat' dir='ltr'><strong>autem</strong></span> <span class='ocrx_word' id='word_1_79' title='bbox 2068 1797 2221 1858; x_wconf 89' lang='lat' dir='ltr'><strong>quos</strong></span> <span class='ocrx_word' id='word_1_80' title='bbox 2253 1774 2341 1838; x_wconf 91' lang='lat' dir='ltr'><strong>ibi</strong></span> <span class='ocrx_word' id='word_1_81' title='bbox 2371 1797 2474 1837; x_wconf 89' lang='lat' dir='ltr'><strong>au-</strong></span> 
     </span>
     <span class='ocr_line' id='line_1_12' title="bbox 470 1892 2477 1979; baseline 0 -23"><span class='ocrx_word' id='word_1_82' title='bbox 470 1892 650 1957; x_wconf 89' lang='lat' dir='ltr'><strong>dierit</strong></span> <span class='ocrx_word' id='word_1_83' title='bbox 707 1894 960 1958; x_wconf 87' lang='lat' dir='ltr'><strong>variant.</strong></span> <span class='ocrx_word' id='word_1_84' title='bbox 1046 1893 1140 1958; x_wconf 83' lang='lat' dir='ltr'><strong>Ex</strong></span> <span class='ocrx_word' id='word_1_85' title='bbox 1184 1895 1278 1958; x_wconf 79' lang='lat' dir='ltr'><strong>his</strong></span> <span class='ocrx_word' id='word_1_86' title='bbox 1325 1894 1400 1958; x_wconf 88' lang='lat' dir='ltr'><strong>de</strong></span> <span class='ocrx_word' id='word_1_87' title='bbox 1446 1895 1576 1958; x_wconf 90' lang='lat' dir='ltr'><strong>solo</strong></span> <span class='ocrx_word' id='word_1_88' title='bbox 1623 1894 1895 1979; x_wconf 83' lang='lat' dir='ltr'><strong>Archyta</strong></span> <span class='ocrx_word' id='word_1_89' title='bbox 1940 1915 2147 1958; x_wconf 91' lang='lat' dir='ltr'><strong>omnes</strong></span> <span class='ocrx_word' id='word_1_90' title='bbox 2201 1894 2477 1957; x_wconf 83' lang='lat' dir='ltr'><strong>conveni-</strong></span> 
     </span>
     <span class='ocr_line' id='line_1_13' title="bbox 471 2013 2479 2092; baseline 0 -16"><span class='ocrx_word' id='word_1_91' title='bbox 471 2020 585 2076; x_wconf 90' lang='lat' dir='ltr'><strong>unt</strong></span> <span class='ocrx_word' id='word_1_92' title='bbox 599 2038 617 2090; x_wconf 97' lang='lat'>3</span> <span class='ocrx_word' id='word_1_93' title='bbox 684 2013 997 2078; x_wconf 89' lang='lat' dir='ltr'><strong>Philolaus</strong></span> <span class='ocrx_word' id='word_1_94' title='bbox 1074 2013 1309 2078; x_wconf 90' lang='lat' dir='ltr'><strong>dudum</strong></span> <span class='ocrx_word' id='word_1_95' title='bbox 1374 2022 1501 2078; x_wconf 89' lang='lat' dir='ltr'><strong>erat</strong></span> <span class='ocrx_word' id='word_1_96' title='bbox 1553 2019 1867 2092; x_wconf 88' lang='lat' dir='ltr'><strong>mortuus3</strong></span> <span class='ocrx_word' id='word_1_97' title='bbox 1922 2013 2140 2078; x_wconf 88' lang='lat' dir='ltr'><strong>melius</strong></span> <span class='ocrx_word' id='word_1_98' title='bbox 2193 2013 2479 2076; x_wconf 85' lang='lat' dir='ltr'><strong>convenit</strong></span> 
     </span>
     <span class='ocr_line' id='line_1_14' title="bbox 470 2130 2476 2218; baseline -0 -23"><span class='ocrx_word' id='word_1_99' title='bbox 470 2131 767 2216; x_wconf 80' lang='lat' dir='ltr'><strong>EurytuS,</strong></span> <span class='ocrx_word' id='word_1_100' title='bbox 831 2133 935 2216; x_wconf 89' lang='lat' dir='ltr'><strong>qui</strong></span> <span class='ocrx_word' id='word_1_101' title='bbox 995 2132 1257 2196; x_wconf 91' lang='lat' dir='ltr'><strong>Philolai</strong></span> <span class='ocrx_word' id='word_1_102' title='bbox 1317 2132 1654 2218; x_wconf 90' lang='lat' dir='ltr'><strong>discipulus</strong></span> <span class='ocrx_word' id='word_1_103' title='bbox 1719 2133 1904 2196; x_wconf 88' lang='lat' dir='ltr'><strong>fuisse</strong></span> <span class='ocrx_word' id='word_1_104' title='bbox 1963 2131 2316 2217; x_wconf 88' lang='lat' dir='ltr'><strong>perhibetur</strong></span> <span class='ocrx_word' id='word_1_105' title='bbox 2331 2157 2349 2208; x_wconf 95' lang='lat'>3</span> <span class='ocrx_word' id='word_1_106' title='bbox 2399 2130 2476 2194; x_wconf 90' lang='lat' dir='ltr'><strong>de</strong></span> 
     </span>
     <span class='ocr_line' id='line_1_15' title="bbox 469 2248 2477 2334; baseline 0 -22"><span class='ocrx_word' id='word_1_107' title='bbox 469 2249 744 2313; x_wconf 87' lang='lat' dir='ltr'><strong>Platonis</strong></span> <span class='ocrx_word' id='word_1_108' title='bbox 790 2250 1230 2314; x_wconf 88' lang='lat' dir='ltr'><strong>consuetudine</strong></span> <span class='ocrx_word' id='word_1_109' title='bbox 1278 2273 1416 2314; x_wconf 93' lang='lat' dir='ltr'><strong>cum</strong></span> <span class='ocrx_word' id='word_1_110' title='bbox 1462 2250 1708 2315; x_wconf 84' lang='lat' dir='ltr'><strong>Timaeo</strong></span> <span class='ocrx_word' id='word_1_111' title='bbox 1754 2251 1820 2314; x_wconf 87' lang='lat' dir='ltr'><strong>in</strong></span> <span class='ocrx_word' id='word_1_112' title='bbox 1866 2251 2059 2334; x_wconf 90' lang='lat' dir='ltr'><strong>ipsius</strong></span> <span class='ocrx_word' id='word_1_113' title='bbox 2106 2248 2350 2334; x_wconf 87' lang='lat' dir='ltr'><strong>dialogo</strong></span> <span class='ocrx_word' id='word_1_114' title='bbox 2381 2272 2477 2313; x_wconf 86' lang='lat' dir='ltr'><strong>ex-</strong></span> 
     </span>
     <span class='ocr_line' id='line_1_16' title="bbox 472 2359 2477 2447; baseline 0 -17"><span class='ocrx_word' id='word_1_115' title='bbox 472 2374 597 2430; x_wconf 87' lang='lat' dir='ltr'><strong>stat</strong></span> <span class='ocrx_word' id='word_1_116' title='bbox 655 2369 943 2432; x_wconf 89' lang='lat' dir='ltr'><strong>memoria</strong></span> <span class='ocrx_word' id='word_1_117' title='bbox 958 2395 977 2447; x_wconf 94' lang='lat'>3</span> <span class='ocrx_word' id='word_1_118' title='bbox 1032 2359 1393 2434; x_wconf 84' lang='lat' dir='ltr'><strong>Echecrates</strong></span> <span class='ocrx_word' id='word_1_119' title='bbox 1452 2376 1638 2433; x_wconf 90' lang='lat' dir='ltr'><strong>notus</strong></span> <span class='ocrx_word' id='word_1_120' title='bbox 1695 2391 1728 2433; x_wconf 91' lang='lat' dir='ltr'><strong>e</strong></span> <span class='ocrx_word' id='word_1_121' title='bbox 1785 2368 2111 2432; x_wconf 88' lang='lat' dir='ltr'><strong>Phaedone</strong></span> <span class='ocrx_word' id='word_1_122' title='bbox 2126 2394 2146 2446; x_wconf 89' lang='lat'>3</span> <span class='ocrx_word' id='word_1_123' title='bbox 2197 2368 2477 2431; x_wconf 89' lang='lat' dir='ltr'><strong>Acrionis</strong></span> 
     </span>
     <span class='ocr_line' id='line_1_17' title="bbox 471 2488 1720 2573; baseline 0.002 -23"><span class='ocrx_word' id='word_1_124' title='bbox 471 2508 595 2550; x_wconf 90' lang='lat' dir='ltr'><strong>non</strong></span> <span class='ocrx_word' id='word_1_125' title='bbox 638 2488 761 2551; x_wconf 91' lang='lat' dir='ltr'><strong>nisi</strong></span> <span class='ocrx_word' id='word_1_126' title='bbox 804 2510 1024 2552; x_wconf 90' lang='lat' dir='ltr'><strong>nomen</strong></span> <span class='ocrx_word' id='word_1_127' title='bbox 1072 2488 1149 2552; x_wconf 90' lang='lat' dir='ltr'><strong>ad</strong></span> <span class='ocrx_word' id='word_1_128' title='bbox 1191 2510 1303 2552; x_wconf 89' lang='lat' dir='ltr'><strong>nos</strong></span> <span class='ocrx_word' id='word_1_129' title='bbox 1350 2488 1642 2573; x_wconf 88' lang='lat' dir='ltr'><strong>pervenit.</strong></span> <span class='ocrx_word' id='word_1_130' title='bbox 1673 2488 1720 2572; x_wconf 87' lang='lat'><strong>¹)</strong></span> 
     </span>
    </p>

    <p class='ocr_par' dir='ltr' id='par_1_4' title="bbox 471 2604 2481 3758">
     <span class='ocr_line' id='line_1_18' title="bbox 560 2604 2477 2687; baseline -0.001 -19"><span class='ocrx_word' id='word_1_131' title='bbox 560 2604 674 2669; x_wconf 84' lang='lat' dir='ltr'><strong>Est</strong></span> <span class='ocrx_word' id='word_1_132' title='bbox 706 2613 907 2669; x_wconf 91' lang='lat' dir='ltr'><strong>autem</strong></span> <span class='ocrx_word' id='word_1_133' title='bbox 938 2605 1109 2670; x_wconf 90' lang='lat' dir='ltr'><strong>locus</strong></span> <span class='ocrx_word' id='word_1_134' title='bbox 1134 2604 1461 2684; x_wconf 86' lang='lat' dir='ltr'><strong>Ciceronis,</strong></span> <span class='ocrx_word' id='word_1_135' title='bbox 1496 2606 1574 2670; x_wconf 89' lang='lat' dir='ltr'><strong>de</strong></span> <span class='ocrx_word' id='word_1_136' title='bbox 1603 2605 1841 2670; x_wconf 88' lang='lat' dir='ltr'><strong>Senect.</strong></span> <span class='ocrx_word' id='word_1_137' title='bbox 1876 2629 1928 2670; x_wconf 90' lang='lat' dir='ltr'><strong>c.</strong></span> <span class='ocrx_word' id='word_1_138' title='bbox 1967 2607 2077 2683; x_wconf 76' lang='lat'><strong>12,</strong></span> <span class='ocrx_word' id='word_1_139' title='bbox 2114 2627 2145 2668; x_wconf 88' lang='lat' dir='ltr'><strong>e</strong></span> <span class='ocrx_word' id='word_1_140' title='bbox 2178 2626 2298 2687; x_wconf 91' lang='lat' dir='ltr'><strong>quo</strong></span> <span class='ocrx_word' id='word_1_141' title='bbox 2329 2626 2477 2667; x_wconf 90' lang='lat' dir='ltr'><strong>non-</strong></span> 
     </span>
     <span class='ocr_line' id='line_1_19' title="bbox 471 2724 2475 2810; baseline -0.001 -22"><span class='ocrx_word' id='word_1_142' title='bbox 471 2724 631 2789; x_wconf 88' lang='lat' dir='ltr'><strong>nulli</strong></span> <span class='ocrx_word' id='word_1_143' title='bbox 711 2733 954 2809; x_wconf 88' lang='lat' dir='ltr'><strong>tempus</strong></span> <span class='ocrx_word' id='word_1_144' title='bbox 1015 2725 1200 2789; x_wconf 89' lang='lat' dir='ltr'><strong>huius</strong></span> <span class='ocrx_word' id='word_1_145' title='bbox 1254 2725 1487 2789; x_wconf 91' lang='lat' dir='ltr'><strong>itineris</strong></span> <span class='ocrx_word' id='word_1_146' title='bbox 1551 2725 1788 2788; x_wconf 85' lang='lat' dir='ltr'><strong>definiri</strong></span> <span class='ocrx_word' id='word_1_147' title='bbox 1844 2746 2019 2810; x_wconf 88' lang='lat' dir='ltr'><strong>posse</strong></span> <span class='ocrx_word' id='word_1_148' title='bbox 2080 2730 2397 2809; x_wconf 89' lang='lat' dir='ltr'><strong>putarunt.</strong></span> <span class='ocrx_word' id='word_1_149' title='bbox 2423 2724 2475 2806; x_wconf 77' lang='grc'><strong>2)</strong></span> 
     </span>
     <span class='ocr_line' id='line_1_20' title="bbox 471 2840 2474 2928; baseline -0.001 -22"><span class='ocrx_word' id='word_1_150' title='bbox 471 2842 598 2921; x_wconf 89' lang='lat' dir='ltr'><strong>Ibi,</strong></span> <span class='ocrx_word' id='word_1_151' title='bbox 630 2850 964 2907; x_wconf 89' lang='lat' dir='ltr'><strong>memorato</strong></span> <span class='ocrx_word' id='word_1_152' title='bbox 996 2843 1300 2928; x_wconf 86' lang='lat' dir='ltr'><strong>Archytae</strong></span> <span class='ocrx_word' id='word_1_153' title='bbox 1331 2865 1623 2921; x_wconf 89' lang='lat' dir='ltr'><strong>sermone,</strong></span> <span class='ocrx_word' id='word_1_154' title='bbox 1657 2843 1804 2908; x_wconf 88' lang='lat' dir='ltr'><strong>haec</strong></span> <span class='ocrx_word' id='word_1_155' title='bbox 1837 2841 2038 2906; x_wconf 89' lang='lat' dir='ltr'><strong>addit:</strong></span> <span class='ocrx_word' id='word_1_156' title='bbox 2086 2840 2303 2920; x_wconf 89' lang='lat' dir='ltr'><strong>„Haec</strong></span> <span class='ocrx_word' id='word_1_157' title='bbox 2335 2862 2474 2905; x_wconf 91' lang='lat' dir='ltr'><strong>cum</strong></span> 
     </span>
     <span class='ocr_line' id='line_1_21' title="bbox 472 2959 2475 3047; baseline -0.002 -21"><span class='ocrx_word' id='word_1_158' title='bbox 472 2961 541 3026; x_wconf 84' lang='lat' dir='ltr'><strong>O.</strong></span> <span class='ocrx_word' id='word_1_159' title='bbox 602 2959 825 3025; x_wconf 89' lang='lat' dir='ltr'><strong>Pontio</strong></span> <span class='ocrx_word' id='word_1_160' title='bbox 887 2961 1188 3041; x_wconf 85' lang='lat' dir='ltr'><strong>Samnite,</strong></span> <span class='ocrx_word' id='word_1_161' title='bbox 1236 2969 1407 3047; x_wconf 91' lang='lat' dir='ltr'><strong>patre</strong></span> <span class='ocrx_word' id='word_1_162' title='bbox 1453 2963 1584 3027; x_wconf 90' lang='lat' dir='ltr'><strong>eius</strong></span> <span class='ocrx_word' id='word_1_163' title='bbox 1601 3013 1619 3041; x_wconf 98' lang='lat'><strong>,</strong></span> <span class='ocrx_word' id='word_1_164' title='bbox 1668 2985 1703 3026; x_wconf 88' lang='lat' dir='ltr'><strong>a</strong></span> <span class='ocrx_word' id='word_1_165' title='bbox 1749 2984 1871 3046; x_wconf 91' lang='lat' dir='ltr'><strong>quo</strong></span> <span class='ocrx_word' id='word_1_166' title='bbox 1917 2959 2198 3026; x_wconf 84' lang='lat' dir='ltr'><strong>Caudino</strong></span> <span class='ocrx_word' id='word_1_167' title='bbox 2243 2959 2475 3046; x_wconf 90' lang='lat' dir='ltr'><strong>proelio</strong></span> 
     </span>
     <span class='ocr_line' id='line_1_22' title="bbox 472 3078 2480 3166; baseline -0.001 -23"><span class='ocrx_word' id='word_1_168' title='bbox 472 3079 575 3166; x_wconf 88' lang='lat' dir='ltr'><strong>Sp.</strong></span> <span class='ocrx_word' id='word_1_169' title='bbox 644 3080 997 3145; x_wconf 88' lang='lat' dir='ltr'><strong>Postumius</strong></span> <span class='ocrx_word' id='word_1_170' title='bbox 1059 3080 1128 3145; x_wconf 83' lang='lat' dir='ltr'><strong>T.</strong></span> <span class='ocrx_word' id='word_1_171' title='bbox 1177 3081 1471 3146; x_wconf 90' lang='lat' dir='ltr'><strong>Veturius</strong></span> <span class='ocrx_word' id='word_1_172' title='bbox 1518 3081 1797 3146; x_wconf 91' lang='lat' dir='ltr'><strong>consules</strong></span> <span class='ocrx_word' id='word_1_173' title='bbox 1844 3081 2112 3166; x_wconf 88' lang='lat' dir='ltr'><strong>superati</strong></span> <span class='ocrx_word' id='word_1_174' title='bbox 2159 3086 2304 3144; x_wconf 86' lang='lat' dir='ltr'><strong>sunt</strong></span> <span class='ocrx_word' id='word_1_175' title='bbox 2321 3129 2338 3157; x_wconf 87' lang='lat'><em>‚</em></span> <span class='ocrx_word' id='word_1_176' title='bbox 2396 3078 2480 3142; x_wconf 89' lang='lat' dir='ltr'><strong>lo-</strong></span> 
     </span>
     <span class='ocr_line' id='line_1_23' title="bbox 475 3197 2481 3284; baseline -0.001 -21"><span class='ocrx_word' id='word_1_177' title='bbox 475 3206 684 3264; x_wconf 91' lang='lat' dir='ltr'><strong>cutum</strong></span> <span class='ocrx_word' id='word_1_178' title='bbox 734 3199 1063 3284; x_wconf 82' lang='lat' dir='ltr'><strong>Archytam</strong></span> <span class='ocrx_word' id='word_1_179' title='bbox 1078 3250 1097 3279; x_wconf 96' lang='lat'><strong>,</strong></span> <span class='ocrx_word' id='word_1_180' title='bbox 1145 3198 1464 3264; x_wconf 89' lang='lat' dir='ltr'><strong>Nearchus</strong></span> <span class='ocrx_word' id='word_1_181' title='bbox 1510 3200 1874 3264; x_wconf 83' lang='lat' dir='ltr'><strong>Tarentinus</strong></span> <span class='ocrx_word' id='word_1_182' title='bbox 1901 3248 1915 3263; x_wconf 87' lang='lat'><strong>.</strong></span> <span class='ocrx_word' id='word_1_183' title='bbox 1946 3248 1961 3264; x_wconf 91' lang='lat'><strong>.</strong></span> <span class='ocrx_word' id='word_1_184' title='bbox 1991 3247 2006 3262; x_wconf 91' lang='lat'><strong>.</strong></span> <span class='ocrx_word' id='word_1_185' title='bbox 2055 3221 2118 3264; x_wconf 90' lang='lat' dir='ltr'><strong>se</strong></span> <span class='ocrx_word' id='word_1_186' title='bbox 2166 3222 2201 3262; x_wconf 89' lang='lat' dir='ltr'><strong>a</strong></span> <span class='ocrx_word' id='word_1_187' title='bbox 2244 3197 2481 3263; x_wconf 89' lang='lat' dir='ltr'><strong>maiori-</strong></span> 
     </span>
     <span class='ocr_line' id='line_1_24' title="bbox 473 3316 2480 3404; baseline -0.001 -24"><span class='ocrx_word' id='word_1_188' title='bbox 473 3317 587 3381; x_wconf 92' lang='lat' dir='ltr'><strong>bus</strong></span> <span class='ocrx_word' id='word_1_189' title='bbox 650 3324 802 3382; x_wconf 91' lang='lat' dir='ltr'><strong>natu</strong></span> <span class='ocrx_word' id='word_1_190' title='bbox 863 3319 1159 3404; x_wconf 89' lang='lat' dir='ltr'><strong>accepisse</strong></span> <span class='ocrx_word' id='word_1_191' title='bbox 1219 3317 1491 3397; x_wconf 91' lang='lat' dir='ltr'><strong>dicebat,</strong></span> <span class='ocrx_word' id='word_1_192' title='bbox 1558 3340 1749 3402; x_wconf 92' lang='lat' dir='ltr'><strong>quum</strong></span> <span class='ocrx_word' id='word_1_193' title='bbox 1804 3317 2050 3402; x_wconf 89' lang='lat' dir='ltr'><strong>quidem</strong></span> <span class='ocrx_word' id='word_1_194' title='bbox 2114 3317 2168 3380; x_wconf 89' lang='lat' dir='ltr'><strong>ei</strong></span> <span class='ocrx_word' id='word_1_195' title='bbox 2215 3316 2480 3380; x_wconf 87' lang='lat' dir='ltr'><strong>sermoni</strong></span> 
     </span>
     <span class='ocr_line' id='line_1_25' title="bbox 473 3434 2476 3520; baseline -0.001 -22"><span class='ocrx_word' id='word_1_196' title='bbox 473 3436 848 3500; x_wconf 83' lang='lat' dir='ltr'><strong>interfuisset</strong></span> <span class='ocrx_word' id='word_1_197' title='bbox 906 3436 1083 3500; x_wconf 85' lang='lat' dir='ltr'><strong>Plato</strong></span> <span class='ocrx_word' id='word_1_198' title='bbox 1146 3437 1570 3514; x_wconf 88' lang='lat' dir='ltr'><strong>Atheniensis3</strong></span> <span class='ocrx_word' id='word_1_199' title='bbox 1635 3459 1814 3520; x_wconf 88' lang='lat' dir='ltr'><strong>quem</strong></span> <span class='ocrx_word' id='word_1_200' title='bbox 1861 3434 2193 3500; x_wconf 85' lang='lat' dir='ltr'><strong>Tarentum</strong></span> <span class='ocrx_word' id='word_1_201' title='bbox 2243 3435 2476 3498; x_wconf 87' lang='lat' dir='ltr'><strong>venisse</strong></span> 
     </span>
     <span class='ocr_line' id='line_1_26' title="bbox 472 3551 2477 3641; baseline -0.001 -24"><span class='ocrx_word' id='word_1_202' title='bbox 472 3553 545 3617; x_wconf 91' lang='lat' dir='ltr'><strong>L.</strong></span> <span class='ocrx_word' id='word_1_203' title='bbox 594 3553 853 3618; x_wconf 82' lang='lat' dir='ltr'><strong>Camillo</strong></span> <span class='ocrx_word' id='word_1_204' title='bbox 898 3555 1101 3641; x_wconf 91' lang='lat' dir='ltr'><strong>Appio</strong></span> <span class='ocrx_word' id='word_1_205' title='bbox 1148 3553 1407 3618; x_wconf 86' lang='lat' dir='ltr'><strong>Claudio</strong></span> <span class='ocrx_word' id='word_1_206' title='bbox 1455 3553 1624 3618; x_wconf 81' lang='lat' dir='ltr'><strong>Coss,</strong></span> <span class='ocrx_word' id='word_1_207' title='bbox 1667 3553 1960 3640; x_wconf 88' lang='lat' dir='ltr'><strong>reperio.’&#39;</strong></span> <span class='ocrx_word' id='word_1_208' title='bbox 2049 3552 2127 3616; x_wconf 92' lang='lat' dir='ltr'><strong>In</strong></span> <span class='ocrx_word' id='word_1_209' title='bbox 2158 3551 2477 3616; x_wconf 79' lang='lat' dir='ltr'><strong>consulum</strong></span> 
     </span>
     <span class='ocr_line' id='line_1_27' title="bbox 473 3670 2478 3758; baseline -0.001 -23"><span class='ocrx_word' id='word_1_210' title='bbox 473 3671 821 3736; x_wconf 90' lang='lat' dir='ltr'><strong>nominibus</strong></span> <span class='ocrx_word' id='word_1_211' title='bbox 881 3674 1236 3739; x_wconf 83' lang='lat' dir='ltr'><strong>manifestus</strong></span> <span class='ocrx_word' id='word_1_212' title='bbox 1298 3682 1390 3738; x_wconf 88' lang='lat' dir='ltr'><strong>est</strong></span> <span class='ocrx_word' id='word_1_213' title='bbox 1449 3697 1646 3753; x_wconf 90' lang='lat' dir='ltr'><strong>error,</strong></span> <span class='ocrx_word' id='word_1_214' title='bbox 1711 3673 2012 3758; x_wconf 89' lang='lat' dir='ltr'><strong>siquidem</strong></span> <span class='ocrx_word' id='word_1_215' title='bbox 2071 3672 2136 3736; x_wconf 89' lang='lat' dir='ltr'><strong>hi</strong></span> <span class='ocrx_word' id='word_1_216' title='bbox 2198 3670 2478 3736; x_wconf 88' lang='lat' dir='ltr'><strong>consules</strong></span> 
     </span>
    </p>
   </div>
   <div class='ocr_carea' id='block_1_3' title="bbox 480 3880 813 3891">
    <p class='ocr_par' dir='ltr' id='par_1_5' title="bbox 480 3880 813 3891">
     <span class='ocr_line' id='line_1_28' title="bbox 480 3880 813 3891; baseline 0 0"><span class='ocrx_word' id='word_1_217' title='bbox 480 3880 813 3891; x_wconf 95' lang='lat' dir='ltr'><strong> </strong></span> 
     </span>
    </p>
   </div>
   <div class='ocr_carea' id='block_1_4' title="bbox 473 3999 2482 4351">
    <p class='ocr_par' dir='ltr' id='par_1_6' title="bbox 473 3999 2480 4255">
     <span class='ocr_line' id='line_1_29' title="bbox 540 3999 2480 4064; baseline 0.001 -15"><span class='ocrx_word' id='word_1_218' title='bbox 540 4001 586 4062; x_wconf 91' lang='lat'><strong>1)</strong></span> <span class='ocrx_word' id='word_1_219' title='bbox 620 3999 841 4049; x_wconf 69' lang='lat' dir='ltr'><strong>Acrionis</strong></span> <span class='ocrx_word' id='word_1_220' title='bbox 873 4016 1041 4049; x_wconf 89' lang='lat' dir='ltr'><strong>nomen</strong></span> <span class='ocrx_word' id='word_1_221' title='bbox 1078 4000 1190 4050; x_wconf 82' lang='lat' dir='ltr'><strong>alibi</strong></span> <span class='ocrx_word' id='word_1_222' title='bbox 1224 4016 1319 4049; x_wconf 90' lang='lat' dir='ltr'><strong>non</strong></span> <span class='ocrx_word' id='word_1_223' title='bbox 1338 4004 1656 4059; x_wconf 58' lang='lat' dir='ltr'><strong>memoratum</strong></span> <span class='ocrx_word' id='word_1_224' title='bbox 1675 4015 1761 4064; x_wconf 83' lang='lat' dir='ltr'><strong>pro</strong></span> <span class='ocrx_word' id='word_1_225' title='bbox 1779 3999 1869 4048; x_wconf 89' lang='lat' dir='ltr'><strong>hoc</strong></span> <span class='ocrx_word' id='word_1_226' title='bbox 1898 3999 2145 4063; x_wconf 77' lang='lat' dir='ltr'><strong>legendum</strong></span> <span class='ocrx_word' id='word_1_227' title='bbox 2170 3999 2480 4064; x_wconf 81' lang='lat' dir='ltr'><strong>probabiliter</strong></span> 
     </span>
     <span class='ocr_line' id='line_1_30' title="bbox 473 4095 2478 4161; baseline -0.001 -15"><span class='ocrx_word' id='word_1_228' title='bbox 473 4096 658 4157; x_wconf 66' lang='lat' dir='ltr'><strong>Aaron,</strong></span> <span class='ocrx_word' id='word_1_229' title='bbox 690 4096 774 4160; x_wconf 89' lang='lat' dir='ltr'><strong>qui</strong></span> <span class='ocrx_word' id='word_1_230' title='bbox 807 4097 1055 4160; x_wconf 77' lang='lat' dir='ltr'><strong>Agrigenti</strong></span> <span class='ocrx_word' id='word_1_231' title='bbox 1088 4097 1252 4145; x_wconf 83' lang='lat' dir='ltr'><strong>floruit</strong></span> <span class='ocrx_word' id='word_1_232' title='bbox 1284 4101 1497 4161; x_wconf 86' lang='lat' dir='ltr'><strong>tempore</strong></span> <span class='ocrx_word' id='word_1_233' title='bbox 1530 4095 1644 4144; x_wconf 86' lang='lat' dir='ltr'><strong>belli</strong></span> <span class='ocrx_word' id='word_1_234' title='bbox 1677 4095 2066 4160; x_wconf 82' lang='lat' dir='ltr'><strong>Peloponnesiaci</strong></span> <span class='ocrx_word' id='word_1_235' title='bbox 2099 4099 2147 4144; x_wconf 91' lang='lat' dir='ltr'><strong>et</strong></span> <span class='ocrx_word' id='word_1_236' title='bbox 2179 4095 2356 4146; x_wconf 79' lang='lat' dir='ltr'><strong>amicus</strong></span> <span class='ocrx_word' id='word_1_237' title='bbox 2384 4095 2478 4145; x_wconf 79' lang='lat' dir='ltr'><strong>fuit</strong></span> 
     </span>
     <span class='ocr_line' id='line_1_31' title="bbox 473 4189 2063 4255; baseline 0.001 -17"><span class='ocrx_word' id='word_1_238' title='bbox 473 4189 788 4254; x_wconf 77' lang='lat' dir='ltr'><strong>Empedoclis.</strong></span> <span class='ocrx_word' id='word_1_239' title='bbox 856 4191 1055 4255; x_wconf 80' lang='lat' dir='ltr'><strong>Scripsit</strong></span> <span class='ocrx_word' id='word_1_240' title='bbox 1088 4191 1146 4240; x_wconf 85' lang='lat' dir='ltr'><strong>de</strong></span> <span class='ocrx_word' id='word_1_241' title='bbox 1179 4191 1426 4241; x_wconf 81' lang='lat' dir='ltr'><strong>medicina.</strong></span> <span class='ocrx_word' id='word_1_242' title='bbox 1463 4191 1573 4240; x_wconf 91' lang='lat' dir='ltr'><strong>Vid.</strong></span> <span class='ocrx_word' id='word_1_243' title='bbox 1608 4191 1764 4240; x_wconf 69' lang='lat' dir='ltr'><strong>Laert.</strong></span> <span class='ocrx_word' id='word_1_244' title='bbox 1803 4191 1948 4249; x_wconf 91' lang='lat' dir='ltr'><strong>VIII,</strong></span> <span class='ocrx_word' id='word_1_245' title='bbox 1985 4190 2063 4239; x_wconf 81' lang='lat'><strong>65.</strong></span> 
     </span>
    </p>

    <p class='ocr_par' dir='ltr' id='par_1_7' title="bbox 538 4271 2482 4351">
     <span class='ocr_line' id='line_1_32' title="bbox 538 4271 2482 4351; baseline -0.001 -17"><span class='ocrx_word' id='word_1_246' title='bbox 538 4287 587 4346; x_wconf 84' lang='lat'><strong>2)</strong></span> <span class='ocrx_word' id='word_1_247' title='bbox 625 4286 733 4336; x_wconf 74' lang='lat' dir='ltr'><strong>via.</strong></span> <span class='ocrx_word' id='word_1_248' title='bbox 769 4287 985 4346; x_wconf 73' lang='lat' dir='ltr'><strong>nursini,</strong></span> <span class='ocrx_word' id='word_1_249' title='bbox 1022 4288 1079 4336; x_wconf 82' lang='lat' dir='ltr'><strong>de</strong></span> <span class='ocrx_word' id='word_1_250' title='bbox 1112 4287 1258 4336; x_wconf 68' lang='lat' dir='ltr'><strong>natali</strong></span> <span class='ocrx_word' id='word_1_251' title='bbox 1294 4287 1370 4336; x_wconf 74' lang='lat' dir='ltr'><strong>aie</strong></span> <span class='ocrx_word' id='word_1_252' title='bbox 1404 4286 1528 4336; x_wconf 75' lang='lat' dir='ltr'><strong>Plat.</strong></span> <span class='ocrx_word' id='word_1_253' title='bbox 1568 4288 1615 4337; x_wconf 72' lang='lat' dir='ltr'><strong>in</strong></span> <span class='ocrx_word' id='word_1_254' title='bbox 1652 4287 1814 4351; x_wconf 85' lang='lat' dir='ltr'><strong>Symb.</strong></span> <span class='ocrx_word' id='word_1_255' title='bbox 1851 4287 1994 4335; x_wconf 69' lang='lat' dir='ltr'><strong>niter.</strong></span> <span class='ocrx_word' id='word_1_256' title='bbox 2039 4285 2142 4335; x_wconf 88' lang='lat' dir='ltr'>v01.</span> <span class='ocrx_word' id='word_1_257' title='bbox 2182 4286 2271 4344; x_wconf 93' lang='lat' dir='ltr'><strong>v1,</strong></span> <span class='ocrx_word' id='word_1_258' title='bbox 2297 4271 2482 4350; x_wconf 80' lang='lat' dir='ltr'><strong>p.197.‘</strong></span> 
     </span>
    </p>
   </div>
   <div class='ocr_carea' id='block_1_5' title="bbox 2114 4382 2239 4439">
    <p class='ocr_par' dir='ltr' id='par_1_8' title="bbox 2114 4382 2239 4439">
     <span class='ocr_line' id='line_1_33' title="bbox 2114 4382 2239 4439; baseline 0 0"><span class='ocrx_word' id='word_1_259' title='bbox 2114 4382 2239 4439; x_wconf 67' lang='lat'><strong>12*</strong></span> 
     </span>
    </p>
   </div>
  </div>
 </body>
</html>
