3092 5084
1591 497 1675 557 40

626 727 776 769 num
793 755 810 781 ,
875 704 950 767 de
1011 725 1134 788 quo
1192 704 1482 789 optimam
1548 725 1712 793 spem
1760 704 2168 788 concepisset,
2217 699 2638 789 philosophiae

627 845 829 888 amore
853 822 1147 886 -imbuere
1162 871 1180 900 ,
1230 821 1307 884 ad
1351 821 1642 886 virtutem
1660 903 1670 910 ‘
1689 829 1750 885 et
1794 822 2257 906 temperantiam
2304 821 2635 898 adducere,

601 943 881 1024 ‘eiusque
963 963 1146 1025 opera
1224 938 1535 1024 Syracusis
1616 945 1677 1002 et
1752 940 1869 1002 toti
1949 939 2188 1002 Siciliae
2260 939 2599 1003 libertatem
2618 988 2637 1016 ,

627 1059 1089 1145 prosperitatem
1107 1111 1124 1132 ‚
1189 1081 1490 1122 summam
1545 1049 1809 1142 denique
1824 1109 1843 1136 ,
1894 1065 1966 1122 ut
2010 1059 2185 1135 dicit,
2233 1058 2640 1137 μακαρίον-ητα

627 1157 944 1262 impertiri.
1037 1177 1154 1241 His
1201 1177 1558 1241 inseruntur
1604 1199 1674 1240 ea
1720 1199 1874 1260 quae
1922 1177 1999 1240 ad
2044 1176 2335 1241 moralem
2365 1175 2640 1240 Platonis

630 1297 968 1360 doctrinam
985 1284 1030 1373 ,ἱ
1055 1295 1313 1360 docendi
1357 1295 1717 1358 methodum
1750 1302 1811 1358 et
1841 1294 2313 1380 philosophandi
2342 1295 2641 1358 rationem

630 1415 992 1480 declaranda
1037 1414 1362 1499 pertinent.

717 1534 832 1597 Uti
877 1541 1082 1597 autem
1129 1556 1164 1595 a
1208 1532 1505 1617 promisso
1539 1532 1838 1596 aberravit
1868 1532 2158 1616 scriptor,
2212 1533 2300 1596 ita
2328 1529 2639 1596 interdum

633 1654 809 1738 quasi
863 1652 1090 1716 oblitus
1147 1651 1224 1714 ad
1278 1650 1605 1715 familiares
1663 1673 1727 1714 se
1772 1651 2029 1715 scribere
2078 1651 2164 1714 sic
2209 1651 2517 1734 loquitur,
2568 1659 2640 1715 ut

635 1761 922 1858 appareat
983 1772 1298 1857 epistolam
1360 1793 1484 1835 non
1549 1771 1625 1834 ad
1672 1771 2061 1835 familiarium
2109 1777 2350 1835 coetum
2395 1773 2642 1835 missam

634 1915 792 1970 esse,
855 1890 963 1954 sed
1021 1890 1386 1954 destinatam
1431 1897 1504 1954 ut
1550 1890 1736 1974 vulgo
1780 1890 2114 1974 legeretur,
2165 1890 2357 1954 veluti
2403 1913 2462 1975 p.
2514 1893 2643 1954 324

615 1995 720 2073 B:
785 2011 873 2080 τίς
936 2009 982 2071 δ’
1015 2003 1079 2080 ἦν
1143 2011 1169 2072 o‘
1230 2007 1430 2088 τρόπος
1493 2017 1599 2082 τῆς
1663 2007 1937 2084 γενέσεως
1986 2010 2167 2083 αὐτῆς
2188 2059 2205 2080 ‚
2254 2011 2354 2074 οὐκ
2398 2008 2645 2084 οΞπ-οέξιον

633 2131 881 2193 ἀκοῦσαι
925 2127 1044 2208 νέῳ
1088 2128 1206 2191 καὶ
1233 2129 1346 2204 ’μὴ
1391 2127 1526 2206 νέῳ.
1568 2150 1627 2212 p.
1670 2129 1793 2192 337
1830 2127 1917 2190 E:
1952 2130 1985 2202 ἦ
2018 2127 2076 2192 δὲ
2108 2123 2321 2207 ὕστερα
2352 2129 2643 2207 πορεία...

637 2249 709 2319 ὡς
771 2246 1110 2317 εἰκότως...
1159 2244 1430 2328 γέγονεν,
1484 2239 1526 2326 ᾧ
1572 2245 1775 2323 μέλει
1813 2246 2095 2310 ἀκούειν
2141 2245 2328 2322 ἔξεο-τι
2374 2246 2441 2311 τὸ
2486 2249 2648 2325 μετὰ

639 2371 824 2432 τοῦτο.
916 2365 1226 2448 Loquitur
1279 2363 1354 2426 ad
1401 2386 1573 2428 senes
1620 2372 1681 2427 et
1724 2386 1945 2448 pueros
1963 2414 1980 2442 ,
2029 2365 2391 2448 cuicumque
2438 2365 2648 2429 audire

643 2485 834 2550 lubet.
925 2482 1248 2546 Interdum
1311 2481 1386 2544 de
1441 2481 1516 2545 iis
1580 2481 1655 2544 ad
1712 2504 1864 2565 quos
1919 2482 2129 2546 scribit
2187 2483 2461 2566 loquitur
2519 2490 2650 2560 tan-

643 2625 827 2688 quam
873 2601 948 2664 de
979 2600 1148 2677 aliis,
1183 2601 1362 2662 tertia
1395 2621 1677 2683 persona,
1711 2623 1770 2684 p.
1808 2602 1934 2664 333
1970 2599 2019 2663 O
2049 2627 2061 2663 ε
2095 2592 2199 2664 οἷον
2230 2601 2348 2681 γὰρ
2380 2599 2648 2684 γέγονεν,

641 2723 886 2786 οἰκοῦσαι
925 2720 1041 2800 χρὴ
1091 2719 1250 2790 τοὺς
1294 2717 1419 2795 ἐμὲ
1450 2724 2052 2798 παρακαλοῦντας
2087 2719 2221 2799 πρὸς
2259 2689 2340 2784 ‘ro‘c
2376 2725 2471 2784 νῦν
2510 2719 2653 2800 προέ-

643 2827 916 2918 γματα.’
936 2821 1064 2901 3'34
1111 2835 1202 2900 O:
1251 2839 1424 2901 ταῦτ’
1469 2837 1687 2917 εἴρηται
1732 2837 1933 2902 πάντα
1973 2847 2077 2912 τῆς
2114 2835 2453 2916 ξυμβουλῆς
2483 2835 2653 2903 ἕνεκα

643 2965 773 3024 τῶν
821 2955 1156 3022 Διωνείων
1194 2955 1418 3037 φίλων
1457 2954 1572 3018 καὶ
1606 2953 1989 3034 ξυγγενῶν.

736 3075 922 3156 Quod
984 3083 1188 3139 autem
1248 3074 1325 3138 ad
1369 3074 1589 3138 Dionis
1637 3076 2013 3161 propinquos
2060 3076 2167 3160 qui
2210 3075 2527 3140 Platonem
2577 3076 2653 3140 de

647 3193 1079 3259 constituenda
1140 3191 1575 3278 Syracusarum
1637 3185 1883 3257 civitate
1942 3195 2321 3259 consuluisse
2366 3194 2656 3259 dicuntur

647 3313 894 3389 attinet,
945 3312 1196 3394 quinam
1239 3310 1344 3374 isti
1387 3310 1769 3394 intelligendi
1816 3311 1998 3375 sunt?

737 3430 1106 3495 Plutarchus
1166 3429 1228 3492 in
1291 3429 1418 3492 vita
1461 3429 1681 3494 Dionis
1726 3431 1975 3494 nomina
2018 3432 2277 3497 servavit
2318 3433 2653 3496 illustrium

649 3551 918 3614 virorum
981 3549 1088 3632 qui
1147 3548 1365 3611 Dionis
1413 3549 1669 3612 consilia
1714 3548 2069 3634 adjuverant
2113 3551 2210 3615 vel
2256 3551 2657 3635 expeditionis

651 3669 938 3732 adversus
1005 3668 1371 3752 Dionysium
1441 3667 1589 3730 socii
1646 3667 1905 3732 fuerant.
1998 3668 2077 3732 In
2135 3668 2231 3732 his
2291 3677 2679 3737 memoratur.

651 3787 870 3850 Dionis
937 3787 1121 3850 frater
1186 3785 1492 3870 Megacles
1516 3835 1535 3863 ,
1607 3791 1741 3848 tum
1809 3786 2029 3870 hospes
2097 3787 2228 3850 eius
2296 3786 2613 3873 Callippus
2638 3839 2657 3866 ,

654 3905 819 3991 apud
880 3927 1060 3988 quem
1123 3904 1381 3968 Athenis
1442 3903 1821 3968 habitaverat
1836 3955 1853 3981 ,
1916 3905 2023 3988 qui
2079 3906 2202 3969 duo
2248 3929 2390 3970 eum
2432 3907 2662 3971 intran-

653 4031 778 4088 tem
825 4023 1148 4109 Syracusas
1197 4023 1271 4086 ab
1317 4029 1582 4106 'utroque
1628 4024 1816 4088 latere
1862 4024 2134 4088 comitati
2180 4015 2344 4090 sunt.
2415 4026 2661 4091 Praeter

654 4142 767 4204 hos
830 4163 970 4205 eum
1031 4141 1227 4206 secuti
1273 4135 1419 4205 sunt
1463 4141 1815 4205 Timonides
1860 4141 2206 4207 Leucadius
2224 4194 2243 4222 ,
2293 4145 2401 4228 qui
2444 4168 2537 4208 res
2585 4145 2661 4210 ab

595 4255 599 4260 ’
656 4282 726 4326 eo
773 4266 972 4344 gestas
1017 4260 1208 4325 literis
1255 4259 1596 4338 mandavit,
1644 4260 1981 4327 Eudemius
2028 4260 2289 4348 Cyprius
2306 4314 2323 4342 ,
2364 4266 2663 4331 Aristote-
