3092 5084
1577 518 1698 577 132

620 728 763 808 Quo
809 728 1037 792 factum
1090 733 1161 789 ut
1209 702 1523 789 amborum
1577 723 1853 787 simultas
1914 730 2218 807 postremo
2270 724 2330 786 in
2397 722 2624 787 bellum

617 846 915 931 eruperit,
966 867 1087 929 quo
1133 844 1254 907 Dio
1302 842 1543 927 tyranni
1592 863 1736 927 opes
1783 842 2016 905 evertit.

705 963 860 1027 Cum
906 962 1191 1047 primario
1230 962 1346 1024 hoc
1386 959 1642 1023 consilio
1689 959 1945 1023 alterum
1972 960 2254 1043 junctum
2288 967 2408 1036 est,
2459 959 2662 1057 quod,

614 1091 674 1145 et
733 1082 799 1145 in
852 1082 1052 1145 media
1112 1080 1368 1165 epistola
1428 1081 1509 1163 (p.
1570 1080 1696 1143 330
1746 1076 1818 1162 C)
1879 1086 1940 1141 et
1997 1079 2062 1141 in
2109 1084 2375 1141 extrema
2421 1084 2623 1162 aperte

616 1202 874 1285 scriptor
910 1200 1175 1277 indicat,
1222 1198 1379 1263 illud
1420 1221 1672 1282 nempe,
1717 1204 1788 1260 ut
1816 1196 2138 1281 redarguat
2167 1197 2497 1260 invidiosos
2529 1220 2621 1259 ru-

617 1342 813 1382 mores
848 1318 1052 1403 quide
1076 1318 1331 1382 Platone
1364 1323 1563 1380 essent
1594 1316 1820 1401 sparsi,
1856 1316 2030 1399 quasi
2051 1306 2182 1393 ille,
2219 1337 2405 1397 quum
2443 1316 2625 1378 semel

619 1459 654 1499 a
703 1436 992 1521 Dionysio
1039 1434 1261 1499 maiore
1320 1420 1631 1519 Syracusis
1679 1434 1893 1519 pulsus
1941 1442 2128 1511 esset,
2195 1434 2624 1510 nihilominuS‚

620 1562 833 1639 captus
882 1554 1113 1619 aulicae
1158 1554 1319 1618 vitae
1365 1554 1632 1631 deliciis,
1683 1554 1812 1616 sine
1851 1553 2019 1637 justa
2063 1575 2247 1615 causa
2300 1552 2518 1615 iterum
2567 1558 2628 1615 et

624 1673 807 1737 tertio
868 1673 1017 1737 illuc
1064 1679 1221 1736 esset
1266 1672 1573 1757 profectus
1621 1694 1812 1755 eoque
1855 1694 2025 1735 suam
2088 1693 2157 1734 ac
2207 1641 2627 1755 philosophiae
2723 1658 2729 1663 ’

626 1792 987 1876 dignitatem
1046 1800 1269 1855 temere
1323 1791 1497 1854 novis
1561 1789 1942 1854 contumeliis
2003 1776 2338 1875 objecisset.
2431 1790 2655 1872 Argu-¹

621 1916 896 1973 mentum
942 1909 1058 1971 hoc
1118 1910 1314 1993 specie
1376 1908 1842 1985 secundarium,
1911 1930 2114 1970 revera
2158 1915 2358 1971 tamen
2405 1907 2628 1991 praeci-

622 2049 814 2111 puum
862 2034 953 2089 est
998 2026 1096 2109 (de
1144 2048 1266 2109 quo
1313 2024 1470 2087 infra
1517 2024 1882 2109 accuratius)
1935 2047 2126 2117 eoque
2156 2024 2337 2108 longe
2365 2025 2628 2088 maxima

622 2146 912 2232 epistolae
974 2168 1124 2233 pars·
1173 2146 1466 2230 expletur.
1546 2144 1757 2225 Quum
1815 2146 1929 2209 hoc
1975 2146 2055 2208 sit
2099 2145 2443 2230 scriptionis
2491 2166 2626 2230 pro-

623 2266 925 2351 positum,
988 2288 1113 2328 non
1172 2264 1515 2329 mirandum
1579 2264 1873 2347 quaedam
1936 2271 2043 2327 aut
2099 2264 2320 2328 omissa
2366 2286 2402 2327 a
2447 2264 2627 2347 scrip·

629 2392 759 2447 tore
808 2391 915 2448 aut
959 2384 1172 2448 leviter
1225 2389 1388 2447 tacta
1410 2406 1561 2447 »esse
1607 2405 1762 2466 quae
1824 2406 1894 2446 eo
1941 2405 2154 2468 parum
2201 2382 2624 2446 conducerent.

625 2502 664 2565 J
667 2526 764 2566 am
810 2502 886 2567 de
930 2502 1027 2565 his
1076 2502 1395 2567 itineribus
1443 2501 1796 2586 singulatim
1841 2524 2109 2595 agamus·

1803 2623 1816 2655 l

711 2740 918 2818 Plato,
972 2740 1309 2804 secundum
1341 2740 1688 2825 epistolam,
1735 2761 1927 2823 quum
1972 2747 2282 2823 pertaesus
2315 2746 2471 2811 esset
2501 2760 2626 2803 cor-

620 2865 861 2943 ruptam
925 2858 1137 2921 aetatis
1192 2881 1336 2921 suae
1382 2858 1764 2942 disciplinam
1811 2865 1872 2921 et
1917 2858 2270 2941 depravatos
2317 2880 2510 2920 mores
2558 2880 2625 2920 ac

621 2999 976 3062 persuasum
1022 2976 1138 3041 sibi
1182 2977 1430 3041 haberet
1484 2978 1683 3042 sanari
1743 2978 2016 3041 civitates
2075 2999 2199 3040 non
2253 2999 2457 3061 posse,
2507 2976 2624 3039 nisi

538 3074 544 3082 ⁸
617 3096 802 3158 iidem
832 3095 1031 3158 forent
1058 3094 1421 3179 imperantes
1468 3102 1529 3158 et
1574 3094 1956 3181 philosophi,
2002 3095 2116 3158 hac
2153 3101 2388 3172 mente,
2437 3094 2620 3171 dicit,

619 3213 864 3298 (ταύτην
913 3212 1019 3287 τὴν
1062 3212 1308 3278 διανοίαν
1350 3212 1524 3298 ἔχων)
1573 3213 1832 3279 Athenis
1877 3213 1942 3275 in
1979 3212 2222 3276 Italiam
2263 3220 2322 3275 et
2356 3211 2621 3276 Siciliam

622 3355 755 3397 sum
801 3332 1127 3416 profectus.
1220 3328 1491 3412 Quaeras
1507 3381 1526 3409 ‚
1575 3354 1684 3395 cur
1727 3331 1794 3395 in
1833 3330 2120 3395 Italiam?
2166 3354 2287 3415 quo
2341 3330 2620 3407 consili0‚

622 3473 744 3534 qua
791 3449 941 3535 spe?
1028 3448 1199 3513 Num
1245 3450 1389 3534 quia
1432 3450 1652 3515 melius
1697 3458 1960 3515 moratas
2007 3450 2277 3515 civitates
2323 3449 2420 3514 ibi·
2448 3472 2510 3513 se
2541 3450 2624 3513 vi-

622 3591 834 3632 surum
878 3567 1162 3653 putaret?
1225 3569 1508 3633 Attamen
1556 3576 1728 3633 vetus
1768 3568 2182 3654 Sybaritarum
2213 3576 2274 3632 et
2313 3568 2624 3632 Crotonia-

558 3715 562 3721 ·
618 3693 819 3751 tarum
864 3686 1137 3751 luxuries
1182 3686 1342 3750 fama
1386 3694 1515 3751 erat
1559 3695 1722 3751 nota.
1815 3686 1879 3749 Si
1923 3694 2125 3750 tamen
2156 3687 2272 3750 hac
2303 3686 2585 3771 opinione
2603 3737 2620 3764 ‚

621 3812 693 3868 ut
752 3828 825 3868 ex
886 3805 1179 3889 epistolae
1239 3804 1437 3869 verbis
1499 3804 1748 3890 colligas
1766 3853 1785 3882 ,
1849 3827 1919 3868 eo
1965 3805 2281 3889 migravit,
2326 3806 2466 3869 'cito
2521 3828 2625 3889 spe

622 3922 893 4007 dejectus
939 3929 1051 3987 θεῖ.
1140 3922 1387 3987 Invenit
1429 3921 1517 3986 ibi
1564 3922 1801 4001 omnia,
1864 3930 1937 3987 ut
1995 3922 2176 4001 dicit,
2225 3930 2506 4008 corrupta
2565 3932 2626 3986 et

622 4040 859 4126 perdita
920 4041 1102 4119 luxn,
1156 4041 1431 4126 ignavia,
1478 4040 1838 4105 libidinibus
1855 4090 1872 4119 ‚
1943 4064 2097 4125 quae
2165 4042 2271 4106 ubi
2330 4048 2621 4125 regnant,

620 4158 835 4224 δικαίου
880 4160 976 4225 καὶ
1022 4158 1278 4237 ἰσονόμου
1323 4160 1618 4231 πολιτείας
1673 4183 1750 4223 ne
1798 4160 2010 4223 umbra
2055 4160 2300 4243 quidem
2349 4184 2476 4224 esse
2522 4182 2624 4245 po-

626 4284 746 4341 test
790 4278 872 4362 (p.
922 4280 1049 4341 326
1096 4276 1339 4361 B—D).
1434 4277 1658 4341 Mirum
1710 4301 1850 4341 vero
1896 4278 2060 4361 quod
2113 4278 2340 4342 oblitus
2386 4278 2626 4342 videtur
