3092 5084
1375 488 1501 548 253

1346 693 1525 758 XIX.

523 869 599 933 In
648 870 964 956 Sophoclis
1012 874 1325 958 Antigona
1376 897 1584 939 versus
1637 879 1713 942 67
1725 880 1935 943 6—-67
1945 881 2019 941 9:

697 993 769 1054 σὺ
815 991 862 1054 δ’
884 994 945 1056 οὐ
993 991 1266 1074 πέφυκας
1316 993 1519 1058 πάντα
1568 1005 1909 1070 προσκοπεῖν
1927 1047 1945 1080 ,
1993 995 2104 1062 ὅσοι

698 1109 862 1188 λέγει
910 1134 997 1181 τις
1060 1110 1093 1184 ἢ
1141 1112 1386 1191 πράσσει
1430 1138 1519 1184 τις
1569 1113 1601 1188 ἢ
1650 1113 1856 1193 ψέγειν
1904 1115 2031 1196 ἔχει
2059 1136 2075 1151 ·

698 1227 765 1293 τὸ
811 1228 929 1309 γοὶρ
978 1229 1075 1292 σὸν
1121 1229 1290 1308 ὄμμα
1335 1231 1504 1296 δεινὸν
1551 1231 1704 1312 ἀνδρὶ
1749 1233 1967 1316 δημότῃ

700 1346 893 1423 λόγοις
938 1349 1201 1420 τοιούτοις
1248 1344 1325 1421 οἷς
1374 1351 1445 1415 σὺ
1492 1351 1578 1427 μὴ
1623 1349 1819 1431 τέρψει
1857 1353 2044 1418 κλύων
2064 1402 2082 1435 ,
2173 1343 2176 1350 ’

435 1464 521 1528 sic
566 1466 1047 1550 transponendos
1096 1490 1224 1532 esse
1273 1491 1521 1533 censeo:

1664 1586 1773 1653 ὅσα

701 1703 862 1781 λέγει
899 1729 986 1776 τις
1033 1705 1067 1781 ἢ
1114 1705 1359 1786 πράσσει
1418 1732 1507 1778 τις
1556 1707 1588 1782 ἢ
1635 1708 1844 1787 ψέγειν
1900 1709 2028 1789 ἔχει

701 1823 897 1900 λόγοις
942 1825 1205 1896 τοιούτοις
1250 1821 1329 1898 οἷς
1375 1827 1446 1891 σὺ
1494 1829 1578 1904 μὴ
1623 1828 1820 1908 τέρψει
1867 1828 2054 1894 κλύων
2082 1849 2096 1862 ·

705 1942 772 2006 τὸ
818 1943 937 2022 γὰρ
982 1945 1077 2008 σὸν
1126 1943 1295 2024 ὄμμα
1340 1943 1507 2009 δεινὸν
1552 1945 1704 2025 ἀνδρὶ
1753 1945 1997 2027 δημότῃ.

1378 2151 1518 2217 ΧΧ.

530 2327 619 2401 In.
654 2327 971 2414 Sophoclis
1019 2329 1255 2415 Oedipo
1304 2329 1569 2395 Coloneo
1591 2381 1606 2408 ‚
1656 2355 1741 2395 VS.
1793 2335 1960 2396 409:

1324 2448 1490 2527 κροιτὶ
1538 2449 1586 2512 δ’
1612 2452 1938 2531 ἡλιοστερὴς

708 2572 845 2638 κυνῆ
892 2565 1173 2645 πρόσωπα
1220 2567 1515 2638 Θεσσαλίς
1561 2592 1638 2631 νιν
1683 2570 1981 2648 ἀμπέχει,

442 2707 551 2770 pro
590 2687 914 2766 ἡλιοστερής
956 2683 1282 2770 legendum
1336 2686 1591 2770 conjicio
1639 2689 1982 2765 ἧλιοστεγής
1999 2737 2017 2765 ,
2060 2690 2235 2769 qalea
2283 2691 2456 2753 solem

443 2827 659 2870 arcem,

1360 2983 1536 3048 XXI.

537 3162 819 3228 Severum
869 3164 944 3228 de
999 3163 1086 3228 M.
1136 3163 1398 3228 Aemilio
1445 3163 1672 3228 Scauro
1713 3163 2017 3250 judicium
2067 3163 2346 3230 Sallustii
2391 3167 2456 3230 in

447 3281 603 3346 Bell.
663 3281 807 3366 Jug.
866 3304 917 3346 c.
986 3285 1100 3359 15,
1164 3304 1287 3345 non
1342 3281 1600 3370 impedit
1645 3283 1972 3365 quominus
2012 3285 2149 3368 jure
2196 3283 2454 3348 Scauros

446 3400 606 3464 inter
651 3399 949 3484 principes
996 3423 1141 3464 suae
1187 3400 1401 3463 aetatis
1446 3399 1607 3463 viros
1645 3401 1957 3465 nominare
1989 3401 2233 3464 licuerit
2263 3401 2454 3464 Hora-

446 3521 566 3598 tio,
615 3519 812 3584 Carm.
862 3519 927 3597 I,
980 3521 1097 3597 12,
1146 3542 1231 3584 vs.
1280 3523 1385 3586 37.

1342 3728 1554 3820 XXII.

535 3906 612 3971 In
658 3906 901 3972 Horatii
946 3906 1145 3972 Carm.
1192 3907 1262 3987 I,
1312 3911 1433 3986 37,
1481 3933 1568 3973 vs,
1621 3912 1742 3973 24:

1429 4051 1555 4098 nec,
1586 4029 1843 4092 latentes

592 4195 608 4210 .
716 4143 923 4210 Classe
970 4146 1090 4210 cita
1133 4148 1434 4229 reparavit
1478 4170 1633 4212 oras,

447 4271 507 4328 et
552 4286 763 4328 sensus
810 4271 870 4328 et
912 4264 1127 4348 lingua
1171 4265 1431 4330 suadent
1474 4266 1597 4350 legi
1627 4265 1990 4348 properavit.
2090 4308 2101 4316 -
