3092 5084
1363 447 1441 507 53

388 652 486 717 lac
525 651 798 718 Platonis
829 652 1211 737 disciplinam
1259 659 1593 736 gustasset,
1637 651 1869 716 aulicae
1910 653 2070 716 vitae
2101 653 2408 716 luxuriem

391 795 611 837 exosus
657 773 1080 839 modestiorem
1126 771 1369 837 vivendi
1414 773 1709 836 rationem
1751 778 1907 835 esset
1940 772 2287 857 amplexus;
2338 794 2407 834 eo
2448 750 2453 755 ⁵

389 901 598 957 autem
627 894 858 958 factum
889 901 960 958 ut
990 894 1054 956 in
1079 892 1420 957 aulicorum
1443 891 1762 955 hominum
1789 891 2000 955 odium
2033 899 2093 955 et
2117 890 2409 955 invidiam

385 1012 714 1076 inciderit:
763 1013 959 1098 (Δίων)
1003 1011 1098 1077 τὸν
1141 1013 1430 1077 ἐπίλοιπον
1483 1011 1609 1088 βίον
1654 1011 1754 1091 ζῆν
1792 1010 2029 1086 ἠθέλησε
2068 1063 2081 1076 .
2104 1063 2119 1075 .
2142 1061 2155 1074 .
2202 1011 2409 1090 οὲρετὺν

389 1131 520 1212 περὶ
569 1133 818 1206 πλείονος
867 1133 1056 1208 ἡδονῆς
1105 1183 1119 1196 .
1143 1183 1156 1198 .
1179 1183 1194 1198 .
1241 1132 1569 1208 dyona-nm
1586 1184 1603 1206 ‚
1656 1129 1774 1195 ὅθεν
1822 1130 2246 1210 ἐπαχθέστερον
2292 1137 2409 1200 τοῖς

387 1251 518 1329 περὶ
581 1252 663 1316 τοὶ
720 1252 1025 1332 τυραννικοὶ
1085 1250 1304 1330 νόμιμα
1355 1251 1516 1331 ζῶσιν
1537 1252 1541 1256 ’
1564 1249 1703 1326 ἐβίω
1765 1249 1945 1330 μεχρὶ
2013 1255 2113 1314 τοῦ
2162 1247 2409 1312 θανάτου

386 1376 494 1434 τοῦ
551 1369 673 1448 περὶ
722 1370 1006 1435 Διονύσιον
1051 1370 1372 1448 γενομένου.
1466 1369 1671 1450 Quem
1717 1369 1781 1431 in
1829 1368 1926 1431 his
1973 1390 2096 1431 non
2146 1367 2407 1431 advertit

383 1511 612 1574 pravus
672 1512 822 1553 usus
868 1488 1329 1573 praepositionis
1376 1488 1505 1566 περί
1518 1487 1546 1550 Ρ
1624 1487 1899 1552 Primum
1955 1487 2109 1552 male
2154 1509 2411 1572 usurpa-

385 1586 526 1670 tum
587 1621 680 1671 est
735 1607 802 1670 in
846 1606 1042 1671 verbis
1103 1606 1227 1686 περὶ
1275 1605 1527 1677 πλείονος
1574 1606 1938 1682 αγαπηκώςε
2012 1605 2239 1669 dicitur
2283 1606 2406 1687 περὶ

387 1733 643 1811 πολλοῦ,
680 1728 806 1808 περὶ
839 1727 1091 1799 πλείονος
1124 1697 1435 1804 ποιεῖσθαι,
1483 1718 1747 1803 ἡγεῖσθαι
1768 1777 1785 1808 ,
1820 1749 1945 1790 non
1982 1726 2106 1805 περὶ
2156 1725 2408 1798 πλείονος

385 1849 575 1922 τιμοῖν
593 1897 612 1921 ,
687 1847 975 1924 azymam
1071 1845 1289 1909 deinde
1382 1867 1488 1930 pro
1549 1845 1674 1925 περὶ
1720 1845 1803 1908 τα
1862 1869 1983 1924 τυρ.
2026 1844 2249 1921 νόμιμα
2307 1843 2407 1924 ζῆν

389 1963 546 2029 diciv
584 1963 798 2028 debuit
858 1963 1018 2028 κατα
1071 1965 1154 2028 τοὶ
1212 1989 1267 2029 τ.
1335 1989 1382 2027 ν.
1438 1963 1536 2044 ζῆν
1554 2015 1571 2040 ,
1627 1966 1930 2028 seeundum
1977 1963 2215 2049 tyranni
2259 1965 2409 2045 leqes

386 2081 486 2144 vel
530 2083 706 2166 jussa
723 2109 750 2157 ,·
818 2081 1080 2167 denique
1140 2089 1240 2146 τοῦ
1296 2081 1420 2163 περὶ
1475 2080 1765 2147 Διονύσιον
1809 2081 2110 2159 γενομένου
2159 2081 2405 2146 θανάτου

390 2207 487 2263 est
533 2200 842 2286 inelegans
889 2200 1349 2265 circumlocutio
1395 2221 1506 2286 pro
1552 2200 1729 2280 μεχρὶ
1777 2205 1877 2265 τοῦ
1918 2200 2206 2264 Διονυσίου
2237 2197 2407 2263 θανα-

382 2343 506 2384 του.
601 2319 831 2383 Mirum
899 2326 990 2382 est
1046 2326 1420 2404 quantopere
1483 2320 1737 2405 scriptor
1797 2325 2002 2383 noster
2066 2319 2404 2383 delectetur

379 2439 564 2502 istius
617 2439 1082 2525 praepositionis
1152 2461 1271 2503 usu
1287 2487 1306 2516 ,
1377 2460 1561 2522 quam
1631 2439 1831 2502 ubivis
1900 2438 2206 2503 inculcare
2275 2447 2402 2502 stu·

382 2556 510 2622 det.
601 2556 896 2643 Exempla
963 2557 1261 2642 quaedam
1313 2557 1575 2621 afferam.
1650 2581 1707 2643 p.
1759 2560 1885 2621 325
1936 2559 2028 2621 A:
2080 2562 2112 2634 ἦ
2161 2557 2285 2637 περὶ
2337 2559 2403 2622 τὸ

381 2676 658 2755 πράττειν
732 2677 814 2741 τὰ
887 2676 1043 2742 κοινοὶ
1117 2677 1410 2753 ἐπιθυμία.
1501 2676 1651 2740 ibid.
1730 2675 1815 2740 C:
1901 2676 2119 2748 ἀνόσιος
2186 2677 2403 2754 ἀγωγὴ

381 2795 511 2876 περὶ
572 2793 674 2860 ἕνα
725 2801 837 2860 τῶν
896 2795 1083 2876 φίλων
1101 2848 1119 2872 ,
1195 2796 1301 2861 ubi
1380 2795 1504 2877 περὶ
1578 2795 1832 2880 genitivi
1910 2795 2043 2859 loco
2104 2795 2392 2880 positum.

382 2935 444 2997 p.
497 2915 624 2977 338
673 2913 764 2976 A:
829 2912 1087 2994 καθάπερ
1141 2911 1326 2997 εἷπον,
1383 2915 1509 2993 πρὶν
1558 2912 1977 2991 ξυμβουλεύειν
2022 2920 2141 2985 τοῖς
2188 2913 2402 2984 οἰκείοις

387 3032 489 3098 καὶ
552 3034 788 3112 ἑταίροις
846 3040 964 3104 τοῖς
1031 3033 1155 3114 περὶ
1227 3033 1458 3111 Δίωνα,
1528 3032 1591 3096 h.
1662 3055 1729 3108 e„
1774 3033 1981 3104 Δίωνος
2000 3083 2018 3116 ,
2091 3031 2257 3115 quod
2302 3032 2401 3096 hic

387 3151 678 3239 vitipsum
693 3201 712 3230 ,
775 3151 920 3236 quia
977 3153 1192 3215 mortni
1237 3152 1603 3237 propinquos
1662 3151 1981 3236 significat.
2029 3173 2089 3236 p.
2140 3153 2266 3215 340
2314 3150 2397 3214 B:

383 3272 513 3335 ἐστί
577 3295 664 3342 τις
730 3269 932 3352 τρόπος
999 3276 1098 3336 τοῦ
1153 3272 1278 3349 περὶ
1332 3271 1415 3336 τα
1473 3276 1723 3336 τοιαῦτα
1784 3277 1983 3350 πεῖραν
2044 3268 2394 3349 λαμβάνειν.

384 3389 577 3474 Saepe
658 3389 873 3468 iterat,
959 3397 1033 3454 ut
1112 3413 1172 3475 p.
1251 3393 1378 3454 329
1457 3389 1544 3453 B:
1607 3387 1761 3471 εὖρον
1820 3391 2082 3462 στάσεως
2136 3390 2218 3454 τα
2270 3389 2397 3470 περὶ

385 3509 673 3574 Διονύσιον
717 3511 916 3586 μεστοὶ
961 3508 1286 3586 ξύμπαντα
1329 3509 1430 3574 καὶ
1469 3509 1752 3587 διαβολῶν
1788 3509 1921 3589 πρὸς
1960 3510 2063 3584 τὴν
2100 3507 2399 3590 τυραννιδα

387 3626 594 3698 Δίωνος
649 3626 772 3708 πέρι
834 3629 1006 3712 (num
1052 3628 1304 3692 fortasse
1351 3627 1681 3714 legendum
1726 3627 1860 3709 πρὸς
1906 3629 2103 3716 Δίωνα
2147 3637 2253 3703 τῆς
2297 3654 2395 3693 τυ-

382 3744 622 3822 ραννιὸος
685 3745 807 3825 πέρι
826 3746 876 3830 Ρ)
891 3797 910 3824 ,
972 3747 1139 3830 quod
1201 3746 1533 3831 significat:
1599 3769 1813 3810 omnem
1873 3748 2151 3830 Dionysii
2205 3749 2399 3810 aulam

369 3864 608 3944 plenam
668 3864 1166 3950 criminationibus
1223 3868 1497 3930 adversus
1558 3866 1807 3930 Dionem
1868 3869 1938 3930 de
1996 3867 2272 3950 qffectam
2317 3873 2399 3950 ψ-

383 3984 642 4048 rannide.
693 4005 752 4068 p.
803 3985 928 4046 331
977 3983 1068 4046 A:
1117 3981 1255 4048 ὅταν
1300 3985 1388 4056 τίς
1433 4009 1528 4062 μοι
1576 3983 2051 4063 ξυμβουλεύηται
2093 3985 2221 4064 περί
2250 4008 2395 4055 τινος

387 4105 495 4166 τῶν
554 4101 850 4179 μεγίστων
917 4102 1041 4184 περὶ
1103 4101 1199 4168 τὸν
1259 4103 1437 4168 αὑτοῦ
1497 4103 1625 4182 βίον
1642 4154 1659 4186 ,
1722 4098 1828 4169 οἷον
1888 4102 2013 4185 περὶ
2074 4101 2395 4184 χρημάτων

387 4223 653 4298 κτήσεως.
703 4245 762 4308 p.
809 4223 932 4286 339
983 4221 1034 4285 C
1053 4249 1073 4284 τ
1116 4224 1190 4288 ἂν
1234 4224 1314 4294 εἷς
1359 4223 1637 4288 Σικελίαν
1680 4223 1839 4306 ἔλθῃς
1854 4273 1874 4302 ,
1921 4229 2136 4304 πρῶτον
2172 4221 2280 4302 μέν
2311 4247 2392 4290 σοι

611 4481 631 4514 Χ
