3092 5084
1614 453 1695 514 32

645 659 868 724 iterum
915 667 1296 725 transvectus
1344 667 1437 724 est
1481 659 1545 724 in
1587 659 1853 725 Siciliam
1870 710 1887 740 ‚
1916 683 2163 746 sperans
2195 661 2322 726 fore
2353 669 2426 726 ut
2454 685 2656 747 regem

637 779 928 864 juvenem
973 801 1164 863 aeque
1222 778 1398 844 facile
1443 800 1513 844 ac
1560 779 1821 844 Dionem
1867 780 2216 846 incenderet
2250 783 2523 865 ἐπιθυμίᾳ
2551 792 2655 857 τῆς

643 896 968 978 Φιλοσόφου
1013 890 1156 978 ζωῆς
1173 947 1191 980 ,
1230 904 1425 980 utque
1463 896 1651 961 huius
1682 920 1795 982 ope
1826 897 2246 984 philosophiae
2276 899 2462 984 vulgo
2494 922 2657 985 spre-

643 1023 742 1080 tae
786 1038 934 1080 suus
977 1015 1331 1080 redderetur
1359 1015 1573 1081 honos,
1643 1015 1762 1082 Sed
1792 1039 1961 1103 spem
1993 1017 2207 1082 fefellit
2244 1026 2515 1083 eventus,
2567 1019 2655 1083 Ut

644 1135 811 1200 venit
855 1134 1183 1220 Syracusas
1198 1184 1217 1214 ,
1264 1156 1407 1199 mox
1452 1142 1712 1219 uterque
1726 1184 1745 1214 ,
1792 1135 1969 1200 Plato
2012 1143 2074 1200 et
2104 1136 2224 1201 Dio
2240 1186 2259 1215 ,
2292 1159 2400 1222 per
2432 1137 2655 1202 calum-

643 1254 909 1319 niatores
977 1254 1042 1318 in
1118 1254 1525 1339 suspicionem
1580 1261 1643 1318 et
1701 1253 1993 1319 invidiam
2046 1256 2289 1341 tyranni
2346 1263 2493 1321 sunt
2554 1257 2655 1320 ad-

645 1372 858 1451 ducti3
907 1373 1026 1437 Dio
1072 1373 1138 1438 in
1184 1373 1464 1438 exsilium
1508 1373 1732 1438 missus
1778 1380 1870 1438 est
1883 1399 1902 1452 3
1935 1374 2065 1459 ipse
2095 1373 2427 1440 honorifica
2457 1375 2653 1460 specie

643 1492 709 1555 in
755 1491 897 1556 aula
943 1498 1217 1556 retentus
1262 1500 1557 1576 tanquam
1604 1491 1877 1576 captivus
1888 1541 1907 1571 ,
1970 1493 2196 1556 frustra
2238 1491 2536 1557 laboravit
2582 1501 2653 1556 ut

639 1617 966 1694 tyrannum
1013 1609 1090 1672 ad
1134 1608 1445 1674 meliorem
1490 1616 1754 1674 mentem
1798 1610 2131 1676 reduceret.

730 1727 898 1793 Haec
974 1750 1130 1812 quae
1205 1729 1415 1814 paucis
1492 1729 1745 1814 exposui
1810 1729 1875 1794 in
1951 1729 2209 1815 epistola
2282 1729 2516 1815 prolixe
2590 1738 2652 1794 et

638 1846 886 1912 verbose
947 1854 1325 1912 enarrantur.
1419 1845 1866 1912 Commemorat
1926 1870 2047 1912 non
2093 1854 2335 1912 tantum
2349 1898 2367 1926 ,
2424 1847 2648 1931 quibus

638 1967 1012 2051 argumentis
1093 1966 1439 2051 quibusque
1500 1965 1696 2032 verbis
1765 1966 1883 2030 Dio
1946 1967 2022 2030 ad
2082 1967 2517 2057 profectionem
2584 1967 2649 2030 in

639 2084 908 2148 Siciliam
970 2107 1033 2148 se
1093 2083 1402 2169 impellere
1463 2084 1805 2164 studuerit,
1868 2091 1927 2148 et
1983 2107 2138 2168 quae
2196 2085 2326 2170 ipse
2389 2085 2647 2169 singulis

638 2202 807 2267 illius
887 2202 1260 2288 argumentis
1328 2202 1738 2287 responderit,
1818 2202 1924 2267 sed
1991 2202 2068 2266 ad
2134 2203 2222 2267 rei
2290 2204 2645 2288 gravitatem

639 2320 978 2405 augendam
1033 2319 1212 2405 fingit
1271 2319 1535 2385 Dionem
1604 2320 1807 2405 ipsum
1875 2342 2074 2385 coram
2144 2343 2207 2384 se
2260 2327 2531 2385 orantem
2586 2328 2646 2384 et

637 2439 1058 2524 philosophiae
1118 2439 1362 2502 nomine
1423 2461 1486 2502 se
1548 2437 1950 2502 obtestantem
1967 2488 1985 2516 ,
2056 2460 2133 2501 ne
2193 2445 2318 2502 tam
2372 2437 2645 2523 pulcram

637 2558 1011 2622 occasionem
1071 2557 1490 2643 philosophiae
1545 2556 1953 2622 honestandae
2013 2556 2365 2622 dimitteret.
2470 2555 2645 2637 Quae

636 2677 840 2741 omnia
907 2677 995 2740 ita
1053 2676 1390 2762 composita
1449 2683 1628 2753 sunt,
1692 2683 1765 2739 ut
1820 2675 2085 2740 fucatam
2130 2675 2389 2740 rhetoris
2434 2675 2645 2739 dictio-

635 2817 774 2860 nem
820 2794 1134 2859 manifeste
1181 2817 1324 2880 prae
1369 2817 1430 2858 se
1476 2793 1691 2858 ferant.

657 2953 677 2980 r
727 2901 846 2978 Hic
916 2921 1118 2977 autem
1167 2913 1490 2998 derepente
1534 2912 1939 2977 narrationem
1987 2911 2312 2997 abrumpit.
2391 2910 2639 2992 „Quam

639 3032 715 3097 ob
763 3054 1040 3112 causam,
1088 3031 1321 3115 inquit,
1362 3031 1572 3096 relicta
1618 3030 1856 3108 Sicilia,
1905 3039 2115 3116 postea
2158 3031 2337 3095 tertio
2384 3030 2531 3095 illuc
2554 3053 2642 3094 re-

636 3149 850 3214 dierim
867 3200 885 3229 ,
934 3150 1000 3213 id
1043 3149 1299 3214 narrabo
1319 3199 1337 3227 ,
1370 3150 1421 3213 si
1448 3149 1618 3234 prius
1651 3149 1972 3214 consilium
2005 3149 2175 3213 vobis
2200 3149 2455 3227 dederO,
2490 3149 2640 3232 quid

635 3268 699 3331 in
760 3269 1062 3352 praesenti
1121 3290 1326 3331 rerum
1385 3274 1551 3331 statu
1596 3267 1940 3332 faciendum
1988 3269 2067 3331 sit
2081 3316 2100 3346 ‚
2148 3291 2224 3331 ne
2276 3268 2530 3332 forsitan
2573 3267 2638 3331 id

633 3385 800 3470 quod
845 3385 1005 3465 ἔργον
1059 3394 1150 3449 est
1197 3385 1356 3449 sicut
1411 3383 1693 3467 πάρεργον
1737 3392 1995 3450 tractare
2036 3386 2266 3463 videar,
2302 3410 2361 3471 p.
2396 3388 2521 3448 330
2550 3384 2634 3448 C:

634 3500 706 3569 ὧν
759 3505 818 3568 δὲ
877 3503 1044 3568 ἕνεκα
1103 3503 1201 3568 καὶ
1254 3501 1366 3568 ὅσοι
1424 3501 1654 3585 ἔπραξα
1678 3555 1695 3579 ,
1746 3504 1879 3581 ὑμῖν
1924 3509 2137 3586 πρῶτον
2186 3502 2633 3582 ξυμβουλεύσας

632 3619 676 3686 ἃ
734 3624 851 3703 χρὴ
911 3629 1087 3688 ποιεῖν
1111 3672 1124 3686 .
1151 3672 1166 3688 .
1195 3671 1210 3688 .
1239 3672 1254 3688 .
1273 3671 1288 3696 ,
1341 3618 1567 3703 ὕστερον
1626 3621 1708 3687 τὰ
1768 3623 1891 3703 περὶ
1951 3628 2149 3687 ταῦτα
2176 3672 2191 3687 .
2218 3669 2235 3686 .
2264 3672 2313 3685 ..
2374 3619 2635 3698 διέξειμι,

632 3738 726 3806 ἵνα
769 3743 854 3820 μὴ
897 3742 980 3807 τὰ
1025 3740 1294 3822 πάρεργα
1335 3742 1408 3813 ὥς
1451 3740 1601 3820 ἔργα
1648 3740 1744 3817 μοὶ
1789 3739 2086 3822 ξυμβαίνῃ
2130 3740 2446 3818 λεγόμενοι.
2495 3739 2637 3803 Sen-

633 3861 714 3924 sit
794 3861 925 3944 ipse
995 3859 1287 3944 scriptor,
1358 3858 1524 3942 quod
1594 3865 1897 3923 attentum
1970 3859 2257 3924 lectorem
2332 3859 2634 3923 neminem

630 3978 826 4062 fugiat
841 4026 859 4056 ‚
923 3999 1079 4061 quae
1133 3976 1427 4040 hactenus
1471 3977 1739 4040 narravit
1784 3999 1853 4041 ea
1898 3976 1975 4041 ad
2020 4000 2148 4041 rem
2194 3999 2376 4060 quam
2420 3984 2636 4040 tracta-

629 4105 808 4161 turus
854 4104 945 4159 est
989 4118 1203 4180 parum
1235 4095 1552 4180 pertinere.
1624 4093 1791 4175 Quid
1840 4094 2040 4159 enim?
2108 4095 2297 4158 Initio
2342 4095 2631 4180 epistolae

633 4215 788 4279 dixit
848 4238 911 4278 se
973 4215 1236 4301 primum
1298 4213 1752 4298 expositurum,
1817 4215 1980 4279 unde
2041 4214 2226 4278 Dioni
2288 4221 2429 4277 nata
2474 4221 2631 4276 esset
