3092 5084
1366 515 1447 575 81

402 721 697 801 χρώματα
742 718 871 799 ἧκεν
886 770 905 804 ,
943 716 1035 786 οἷοι
1074 720 1145 786 ἂν
1178 720 1520 799 θυμούμενος
1546 701 1743 801 ’ἀφείη
1772 758 1786 787 .-
1828 721 2158 799 προσπεσὼν
2181 719 2228 782 δ’
2253 721 2410 800 αὐτῷ

403 838 430 904 ὅ
476 840 753 915 Θεοδότης
768 890 787 924 ,
846 839 1175 919 λαβόμενος
1229 848 1333 913 τῆς
1378 840 1570 920 χειρὸς
1616 837 1887 919 ἐδάκρυσέ
1931 864 1998 904 τε
2043 839 2141 903 καὶ
2189 838 2407 903 ἱκέτευε

402 957 576 1033 μηδὲν
634 963 876 1024 τοιοῦτον
935 964 1130 1023 ποιεῖν.
1220 957 1570 1035 ’Τπολοιβὼν
1628 957 1676 1021 δ’
1706 958 1822 1034 ἐγὼ
1867 934 2378 1037 παραμυθούμενος
2391 1005 2409 1029 ,

404 1074 645 1156 Θάρρει,
708 1076 961 1142 Θεοδότα
979 1126 997 1156 ,
1060 1076 1205 1159 ἔφην
1224 1128 1240 1148 ,
1304 1078 1366 1140 οὐ
1426 1076 1545 1155 γὰρ
1591 1075 1869 1153 τολμήσει
1917 1076 2203 1145 Διονύσιος
2249 1074 2412 1156 παρὰ

402 1193 483 1257 τὰ
526 1194 667 1273 χθὲς
710 1194 1135 1273 ὡμολογημένα
1180 1192 1348 1259 ἄλλοι
1393 1195 1533 1259 ποτὲ
1579 1194 1733 1274 δρᾶν.
1824 1193 1937 1259 Καὶ
1985 1190 2044 1265 ὃς
2092 1190 2412 1273 ἐμβλέψας

401 1335 497 1389 μοι
558 1311 657 1376 καὶ
717 1312 895 1391 μάλα
938 1318 1271 1393 τυραννικῶς
1292 1364 1310 1388 ,
1356 1311 1455 1377 Σοὶ
1474 1362 1491 1394 ,
1540 1312 1656 1395 ἔφη
1673 1361 1690 1393 ,
1740 1312 1854 1388 ἐγὼ
1899 1310 2032 1375 οὔτε
2075 1336 2135 1376 τι
2181 1309 2415 1390 σμικρὸν

396 1429 531 1493 οὔτε
588 1430 755 1507 μέγα
814 1431 1181 1508 ὡμολόγησα.
1270 1432 1367 1505 Νη
1426 1430 1558 1498 τοὺς
1605 1428 1786 1504 θεούς,
1835 1424 1900 1503 ἦν
1944 1429 1994 1492 δ’
2017 1430 2132 1506 ἐγὼ
2150 1479 2167 1511 ,
2217 1430 2290 1494 σύ
2337 1453 2416 1506 γε

401 1552 602 1613 ταῦτα
618 1598 636 1631 ,
683 1545 724 1613 ἃ
770 1555 869 1614 σοῦ
915 1552 1009 1613 νῦν
1052 1545 1212 1620 οὗτος
1259 1547 1439 1613 δεῖται
1485 1548 1569 1625 μὴ
1601 1554 1797 1615 ποιεῖν.
1869 1546 1980 1611 Καὶ
2013 1548 2180 1612 εἰπὼν
2213 1552 2417 1611 ταῦτα

404 1666 907 1747 ἀποστρεφόμενος
954 1664 1193 1748 ᾠχόμην
1237 1665 1363 1743 ἔξω.
1458 1668 1558 1729 Α11
1610 1686 1884 1749 unquam
1931 1665 2136 1728 rhetor
2151 1714 2170 1742 ‚
2221 1664 2421 1727 Plato-

405 1785 577 1849 nicae
622 1786 899 1865 ἠθοποιίας
948 1785 1299 1862 aemulator,
1349 1784 1729 1869 splendidius
1776 1806 1955 1868 opere
2002 1784 2250 1847 functus
2283 1782 2414 1846 est?

406 1902 565 1967 Vide
611 1911 815 1967 autem
860 1926 1043 1987 quam
1089 1904 1241 1968 bene
1281 1904 1428 1967 haec
1459 1926 1601 1968 cum
1632 1903 1996 1989 praegressis
2028 1902 2408 1966 cohaereant.

496 2022 799 2087 Postridie
846 2023 1059 2108 prioris
1108 2023 1398 2086 sermonis
1444 2044 1689 2107 vespere
1733 2021 2076 2087 Theodotes
2100 2020 2416 2085 audiverat

407 2140 771 2225 Dionysium
813 2165 920 2226 per
965 2143 1362 2207 mercenarios
1401 2143 1763 2225 investigare
1796 2140 2223 2205 Heraclidem:
2270 2139 2414 2202 inde

410 2269 609 2324 metus
678 2268 739 2324 et
783 2262 1143 2345 indignatio,
1234 2262 1391 2325 Tum
1439 2262 1782 2325 Theodotes
1826 2263 1890 2325 in
1929 2260 2234 2344 colloquio
2280 2283 2414 2345 pro-

408 2378 652 2441 miserat
696 2377 986 2463 Dionysio
1033 2402 1095 2442 se
1140 2379 1315 2444 illum
1348 2380 1774 2443 arcessiturum
1791 2429 1810 2457 ‚
1845 2380 1896 2441 si
1925 2386 2221 2463 tyrannus
2255 2378 2413 2441 salu-

408 2504 530 2560 tem
570 2497 626 2560 ei
667 2497 1082 2583 polliceretur;
1126 2498 1293 2583 quod
1322 2498 1422 2562 hic
1454 2506 1768 2563 annuerat.
1833 2486 1918 2561 At
1947 2496 2304 2561 Heraclides
2335 2496 2412 2561 ‘ab

413 2616 605 2679 amico
651 2623 933 2681 evocatus
965 2639 1087 2680 non
1111 2616 1355 2702 prodiit.
1419 2616 1581 2701 Ergo
1604 2616 1966 2701 DionysiuS,
1994 2638 2186 2700 quum
2210 2615 2413 2679 denuo

413 2732 650 2818 exquiri
672 2734 849 2798 illum
868 2735 1108 2820 juberet
1124 2786 1143 2813 ,
1170 2735 1327 2799 nihil
1342 2735 1485 2799 fecit
1502 2736 1810 2819 promissis
1833 2734 2232 2811 contrarium,
2245 2734 2414 2818 quod

413 2861 615 2918 tamen
646 2854 710 2918 in
743 2854 975 2919 ultimis
999 2853 1165 2917 hisce
1192 2855 1246 2917 ei
1269 2855 1572 2939 objicitur.
1619 2854 1960 2919 Theodotes
1985 2860 2188 2917 autem
2219 2853 2413 2918 immi—

413 2992 565 3034 nens
596 2971 789 3035 amico
821 2971 1160 3055 periculum
1188 2994 1437 3036 narrans
1470 2971 1666 3035 addit:
1693 2972 1720 3036 ὂ
1743 2968 1944 3036 δἐἷνοιί
1965 2995 2046 3053 πη
2069 2971 2257 3049 ‘rada-³71
2279 2971 2412 3055 (pro

410 3089 659 3155 ἐνταῦθά
704 3092 834 3174 που)
878 3090 1201 3174 κινδυνεύει,
1250 3091 1537 3155 videtur
1579 3090 1674 3153 Me
1711 3090 1925 3153 alicubi
1954 3112 2098 3153 esee:
2129 3111 2269 3172 ergo
2302 3087 2410 3151 ubi

412 3215 569 3271 esset
605 3230 729 3272 non
765 3206 1023 3286 sciebat,
1059 3206 1165 3274 sed
1196 3208 1554 3294 conjiciebat
1581 3215 1823 3273 tantum
1838 3234 1857 3285 3
1892 3206 2196 3291 quomodo
2225 3206 2415 3289 igitur

412 3325 475 3387 in
537 3325 1031 3409 praecedentibus
1084 3325 1355 3410 polliceri
1417 3325 1622 3410 potuit
1682 3346 1745 3388 se
1792 3325 2220 3388 arcessituram
2268 3322 2410 3386 ami-

411 3464 587 3520 cum,
635 3443 741 3527 qui
784 3443 893 3508 ubi
938 3450 1095 3507 esset
1137 3444 1485 3509 nesciebat?
1575 3442 1798 3507 Nonne
1843 3442 1908 3506 id
1953 3442 2169 3527 probat
2212 3449 2412 3505 totum

412 3558 617 3623 locum
677 3581 803 3623 esse
850 3568 1255 3625 commentum
1301 3560 1672 3625 rhetoricum
1688 3610 1706 3640 ‚
1755 3583 1878 3645 quo
1924 3560 2180 3643 scriptor
2225 3565 2413 3623 artem

412 3700 586 3741 suam
632 3679 947 3742 ostendere
993 3679 1277 3743 studuit?
1322 3678 1363 3741 .Ῐ
1364 3702 1461 3743 am
1507 3680 1786 3763 sequitur
1827 3678 2039 3763 pulcra
2083 3676 2410 3761 tragoedia.

413 3794 570 3859 Vide
630 3817 813 3881 quam
874 3804 1231 3881 exaggerata
1290 3798 1415 3861 sint
1473 3798 1706 3861 omnia:
1771 3795 2150 3875 προσηλθέτην
2197 3794 2413 3877 σπουδῇ

410 3914 831 3995 τεθορυβημένω
890 3916 1276 3993 θαυμαστῶς-ς
1340 3924 1401 3981 et
1459 3916 1646 4000 paulo
1708 3924 1878 4000 post:
1941 3914 2414 3991 ξυνακολούθησον

412 4030 617 4113 ἁπάσῃ
676 4018 922 4115 μηχανῇ·
937 4082 957 4111 ,
1013 4034 1074 4098 h.
1122 4057 1174 4098 e.
1222 4033 1503 4098 manibus
1552 4034 1810 4119 pedibus
1829 4083 1848 4111 ,
1895 4033 2074 4097 remis
2123 4040 2185 4096 et
2227 4031 2410 4095 velis!

413 4148 573 4213 Tum
599 4155 722 4213 tres
754 4150 929 4214 amici
960 4174 1084 4215 una
1112 4152 1342 4216 intrant
1374 4152 1448 4215 ad
1481 4151 1864 4235 Dionysium.
1912 4149 2018 4214 Illi
2050 4149 2226 4215 ambo
2251 4156 2416 4211 stant

417 4268 598 4345 muti,
640 4268 1064 4353 lacrymantes,
1098 4269 1274 4335 Plato
1305 4270 1491 4334 libere
1524 4275 1850 4354 tyrannum
1883 4268 2234 4353 alloquitur.
2298 4266 2414 4329 Res

2142 4388 2182 4444 6
