3092 5084
1395 484 1475 544 61

421 691 548 754 loere
604 690 1030 773 philosophiae.
1122 687 1465 752 Dissimiles
1527 699 1673 754 sunt
1733 688 2029 754 dictiones
2084 713 2239 776 quae
2300 713 2441 754 cum

423 807 538 870 hac
583 813 892 892 comparat
939 805 1150 870 Aetius
1195 804 1344 870 Lex.
1393 805 1633 872 Platon.
1684 831 1731 872 s,
1782 831 1834 872 v.
1882 809 1947 873 in
1994 808 2219 893 quibus
2264 816 2437 891 μοῖραι

421 925 686 1009 appositi
729 924 992 988 nominis
1039 922 1426 1008 amplificatio
1473 925 1768 1008 quaedam
1817 933 1939 1005 est,
1987 926 2155 992 utin
2181 927 2340 990 Phil.
2375 951 2435 1012 p.

430 1045 513 1106 60
562 1042 648 1106 B:
699 1045 733 1118 ἦ
779 1047 878 1108 τοῦ
922 1043 1145 1121 ἀγαθοῦ
1191 1050 1362 1123 μοῖραι
1408 1064 1518 1127 pro
1568 1043 1633 1108 τὸ
1676 1045 1929 1122 οὶγοιθόν.
1979 1045 2055 1110 de
2100 1045 2291 1130 Legg.
2335 1045 2406 1110 II
2415 1044 2434 1124 ,'

308 1185 310 1189 ·
425 1163 554 1224 656
602 1160 690 1223 B:
736 1163 809 1234 ὡς
849 1163 907 1226 ἐν
944 1161 1181 1234 παιδιᾶς
1219 1162 1421 1244 μοίρᾳ,
1455 1163 1623 1247 quasi
1648 1185 1765 1244 per
1780 1165 2001 1248 jocum.
2050 1163 2437 1230 Constructio

417 1280 782 1358 ἀνέγκλητός
843 1305 988 1352 τινος
1035 1280 1135 1343 vix
1179 1303 1394 1364 graeca
1442 1287 1534 1344 est
1549 1308 1568 1360 3
1618 1281 1945 1346 dicendum
1991 1305 2101 1368 pro
2147 1283 2263 1346 hoc
2312 1291 2439 1347 erat

419 1394 782 1477 ὦνεγκλὴτός
828 1423 932 1462 τινι
979 1398 1075 1461 vel
1119 1399 1254 1478 πρός
1299 1423 1449 1464 τινοι.

1357 1637 1498 1720 §a

688 1872 784 1935 De
825 1873 1121 1935 sententiis
1164 1879 1219 1935 et
1262 1873 1446 1936 verbis
1489 1897 1528 1936 a
1574 1874 1823 1938 Platone
1864 1874 2156 1939 desumtis.

513 2107 554 2171 J
555 2130 652 2172 am
697 2131 882 2193 supra
927 2110 1137 2173 monui
1184 2110 1502 2194 epistolam
1549 2110 1706 2174 hanc
1752 2111 2033 2175 refertam
2078 2133 2208 2176 esse
2237 2111 2435 2175 verbis

423 2234 486 2290 et
547 2228 863 2291 sententiis
927 2250 1081 2311 quae
1142 2227 1488 2291 Platonicae
1545 2229 1837 2292 orationis
1883 2229 2145 2293 colorem
2196 2231 2436 2294 imitan-

421 2351 528 2408 tur
542 2394 560 2423 ,
609 2345 773 2430 quod
819 2346 1123 2410 neminem
1169 2346 1274 2430 qui
1320 2345 1595 2410 Platonis
1642 2347 1868 2432 scripta
1912 2347 2007 2410 vel
2054 2347 2267 2410 leviter
2300 2350 2437 2412 atti-

426 2465 585 2548 gerit
651 2464 860 2549 fugere
903 2471 1124 2550 potest.
1161 2467 1204 2549 ¹)
1293 2464 1567 2529 Imitatio
1617 2465 1762 2528 haec
1818 2465 1998 2528 efficit
2045 2473 2149 2544 ut,
2198 2467 2250 2528 si
2298 2465 2437 2549 quis

424 2582 637 2647 leviter
682 2583 838 2646 hanc
887 2583 1202 2668 epistolam
1249 2589 1587 2668 percurrat,
1636 2582 1812 2648 facile
1864 2583 2139 2647 Platonis
2185 2606 2435 2648 manum

423 2723 749 2786 agnoscere
808 2701 924 2765 sibi
983 2701 1262 2766 videatur
1277 2753 1296 2780 ,
1360 2702 1468 2785 qui
1512 2723 1654 2765 vero
1702 2709 1933 2766 attento
1982 2703 2183 2769 animo
2230 2710 2289 2766 et
2338 2700 2439 2765 ad-

422 2820 624 2884 hibito
678 2819 912 2905 judicio
972 2820 1136 2904 legat
1151 2869 1170 2898 ‚
1232 2819 1568 2885 manifestis
1628 2819 1869 2884 indiciis
1921 2821 2290 2885 imitatorem
2337 2819 2437 2884 de·

423 2939 781 3024 prehendat.
837 2939 1056 3022 Itaque
1103 2961 1226 3023 qua
1270 2937 1629 3002 dexteritate
1678 2947 1739 3002 et
1784 2961 1907 3023 quo
1946 2939 2181 3024 judicio
2230 2946 2436 3004 noster

425 3060 492 3122 in
537 3058 833 3123 imitando
878 3059 1131 3152 Platone
1171 3082 1320 3124 usus
1371 3060 1480 3136 sit,
1527 3059 1701 3123 lubet
1731 3082 1857 3123 uno
1904 3067 1965 3122 et
2009 3059 2200 3122 altero
2246 3081 2440 3122 exem-

429 3177 534 3263 plo
581 3177 902 3242 declarare.

521 3295 700 3381 Eligo
754 3295 957 3360 locum
1018 3296 1128 3380 qui
1185 3295 1408 3380 legitur
1469 3318 1528 3379 p.
1596 3297 1721 3358 330
1771 3294 1849 3359 D.
1945 3297 2177 3359 Auctor
2221 3295 2439 3361 Dionis

430 3415 638 3479 amicis
683 3415 1004 3478 consilium
1051 3413 1304 3478 daturus
1351 3413 1424 3478 de
1457 3412 1796 3477 ordinanda
1826 3412 2259 3498 Syracusarum
2292 3415 2434 3478 civi-

431 3539 557 3598 tate
572 3582 591 3611 ,
639 3533 856 3617 incipit
899 3533 1082 3618 longo
1130 3533 1436 3618 prooemio
1453 3581 1471 3609 ‚
1520 3553 1644 3616 quo
1690 3532 1939 3616 exponit
1968 3553 2151 3614 quam
2188 3532 2343 3595 viam
2376 3532 2441 3595 in

434 3651 688 3715 consilio
734 3650 935 3715 dando
959 3649 1324 3734 sequendam
1353 3656 1594 3714 censeat
1611 3697 1627 3712 .
1659 3648 1816 3725 λέγω
1841 3648 1907 3723 δὴ
1930 3649 2073 3713 τάδε
2105 3667 2119 3682 ·
2165 3649 2323 3727 Ἐγὼ
2346 3649 2441 3714 τὸν

433 3769 910 3848 ξυμβουλεύοντα
953 3769 1106 3850 ἀνδρὶ
1147 3767 1417 3846 κάμνοντι
1465 3769 1563 3833 καὶ
1603 3767 1829 3833 δίοιιτοιν
1852 3766 2199 3847 διαιτωμένῳ
2220 3768 2442 3847 μοχθὴ·
2554 3757 2557 3761 ’

433 3891 538 3971 pozo
581 3890 716 3970 πρὸς
754 3889 976 3966 ὑγιείαν
1013 3887 1162 3954 ἄλλο
1209 3912 1265 3954 τι
1294 3889 1411 3968 χρὴ
1443 3893 1658 3969 πρῶτον
1688 3888 1793 3963 μὲν
1824 3886 1998 3952 αὐτὸν
2028 3885 2443 3964 μεταβάλλειν

502 4179 550 4239 1)
586 4176 829 4226 Nonnulla
861 4175 963 4224 eius
995 4173 1181 4238 generis
1216 4173 1390 4239 passim
1426 4173 1701 4222 indicarunt
1734 4175 1849 4230 Ast,
1894 4171 2141 4231 Salomon,
2176 4172 2289 4228 alii,
2324 4187 2443 4234 quae

439 4290 608 4338 magno
643 4289 842 4322 numero
877 4275 1076 4336 possunt
1109 4271 1284 4335 augeri.
