3092 5084
1593 444 1718 504 222

632 647 707 712 ab
754 647 1084 712 Aristotele
1128 650 1545 714 memorantur
1591 651 1653 713 xi
1700 651 2118 730 γεγραμμέναι
2159 651 2480 734 διαιρέσεις,
2509 651 2570 714 h.
2597 673 2648 714 e.

630 766 986 850 partitiones
1063 767 1219 830 anim
1228 767 1462 831 antium
1538 768 1605 831 in
1681 769 1962 851 aquatica
1977 818 1996 846 ,
2075 769 2382 833 terrestria
2400 818 2419 847 ,
2491 771 2652 832 aeria

632 884 749 968 (De
812 893 967 970 part.
1038 886 1236 964 anim,
1294 884 1362 963 I,
1423 887 1586 971 2).1)
1677 885 1890 950 Fuerit
1957 887 2147 971 igitur
2217 887 2462 953 libellus
2515 911 2652 952 nos-

631 1013 724 1067 ter
798 1005 974 1088 quasi
1035 1005 1423 1090 technologia
1484 981 1782 1090 quaedam
1830 1007 2281 1093 philosophica,
2332 1010 2650 1072 continens

633 1121 1013 1190 definitiones
1076 1123 1513 1190 vocabulorum
1581 1123 1658 1188 ad
1720 1125 2036 1190 dialectica
2050 1175 2070 1205 ,
2118 1127 2351 1204 ethica,
2400 1127 2652 1212 physica

632 1242 1106 1325 pertinentium,
1154 1244 1279 1306 sive
1326 1265 1357 1306 e
1403 1243 1680 1308 Platonis
1728 1245 2104 1308 sermonibus
2152 1247 2275 1309 sive
2323 1269 2354 1310 e
2393 1245 2650 1330 dialogis

633 1360 977 1447 depromtas
994 1411 1013 1440 ,
1077 1363 1254 1426 euius
1318 1365 1556 1446 generis
1619 1363 1905 1448 Sophista
1921 1413 1939 1442 ,
1985 1364 2316 1442 Philebus,
2365 1365 2650 1430 Timaeus

632 1481 778 1544 satis
840 1503 1122 1564 magnam
1186 1483 1424 1566 copiam
1486 1482 1900 1566 suppeditant.
1993 1482 2288 1568 Exempla
2346 1482 2528 1547 modo
2577 1506 2650 1548 ex

632 1598 961 1662 Aristotele
1004 1599 1241 1683 prolata
1286 1622 1427 1663 cum
1471 1599 1586 1663 hac
1634 1600 2034 1685 explicatione
2097 1601 2277 1686 plane
2323 1601 2645 1684 quadrant.

632 1715 789 1780 Ecce
856 1728 997 1780 vero
1068 1717 1316 1801 longam
1398 1717 1751 1782 huiusmodi
1819 1719 2218 1804 partitionum
2287 1720 2501 1782 seriem
2571 1719 2647 1782 ad

633 1834 865 1912 ethica,
914 1832 1198 1920 politica,
1234 1834 1586 1914 dialectica,
1635 1835 1940 1900 rhetorica
1971 1836 2208 1920 aliaque
2241 1837 2646 1922 spectantium

633 1954 807 2018 offert
852 1954 1027 2018 nobis
1074 1953 1355 2018 Laertius
1402 1954 1467 2018 in
1514 1954 1662 2018 Vita
1707 1955 2009 2034 Platonis,
2065 1954 2201 2034 III,
2249 1957 2282 2040 ᾧ
2317 1958 2642 2020 80—109.

631 2073 860 2160 Incipit
919 2073 1015 2136 his
1078 2073 1315 2136 verbis:
1382 2075 1574 2155 Διῄρει
1631 2075 1688 2138 δὲ
1735 2075 1782 2156 (o‘
1837 2077 2108 2158 Πλάτων)
2129 2123 2144 2154 ,
2207 2075 2384 2156 φησὶν
2431 2075 2459 2136 o‘
2503 2078 2648 2154 Ἀρι-

632 2192 909 2267 στοτέλης
926 2243 942 2274 ,
992 2195 1089 2256 καὶ
1140 2193 1221 2256 τὰ
1253 2194 1596 2272 πράγματα
1627 2198 1824 2258 τοῦτον
1855 2193 1951 2257 τὸν
1983 2193 2213 2272 τρόπον,
2249 2201 2308 2256 et
2340 2192 2647 2257 clauditur

631 2311 838 2375 hisce:
909 2307 1012 2376 ὦδε
1067 2311 1191 2374 καὶ
1228 2293 1309 2374 τδρ
1369 2316 1571 2391 πρῶτοι
1641 2311 1806 2392 διῄρει
1870 2313 2032 2376 κατὰ
2078 2312 2174 2376 τὸν
2221 2313 2641 2390 Ἀριστοτέλην.

550 2497 553 2501 ,
632 2428 945 2493 Habemus
991 2428 1183 2514 igitur
1228 2428 1327 2492 hic
1344 2477 1362 2506 ,
1412 2427 1746 2492 secundum
1793 2428 2166 2512 Diogenem,
2218 2430 2420 2512 ipsum
2468 2407 2644 2492 illum

629 2545 855 2610 librum
917 2546 1229 2627 διαιρέσεων
1292 2569 1473 2630 quem
1527 2546 1592 2608 in
1638 2546 1919 2610 manibus
1966 2545 2192 2610 habuit'
2243 2547 2642 2624 Aristoteles3

630 2664 899 2729 dubitari
960 2673 1163 2728 tamen
1210 2664 1424 2748 nequit
1469 2687 1593 2727 non
1641 2687 1768 2728 esse
1799 2687 2112 2748 germanas
2143 2665 2290 2729 istas
2321 2665 2641 2746 διαιρέσεις,

630 2784 735 2847 sed
782 2807 881 2847 eas
928 2785 1132 2869 potius
1180 2805 1331 2867 quas
1376 2785 1689 2848 νοθεύεσθοιι
1736 2783 1892 2846 dixit
1926 2783 2308 2861 Alexander,
2347 2785 2454 2868 qui
2487 2784 2642 2847 liber

630 2903 943 2985 aliquanto
990 2912 1261 2986 tempore
1307 2908 1445 2986 post
1492 2901 1828 2985 Diogenem
1875 2905 2050 2984 (saec.
2101 2905 2211 2986 412⁰)
2244 2925 2275 2965 e
2322 2901 2637 2966 doctorum

630 3020 912 3084 manibus
989 3020 1335 3097 evanuerit,
1410 3027 1482 3083 ut
1540 3019 1954 3105 Philoponum
1999 3019 2180 3083 modo
2237 3020 2637 3084 audiebamus

627 3147 985 3218 testantem,
1049 3161 1241 3223 quum
1300 3161 1411 3203 sua
1472 3146 1669 3202 aetate
1713 3161 1790 3202 ne
1835 3138 2335 3202 commentarium
2390 3137 2640 3222 quidem

627 3258 743 3321 hoc
790 3256 974 3322 titulo
1022 3258 1323 3320 exstitisse
1369 3255 1626 3320 affirmat
1674 3258 1882 3340 (supra
1927 3279 1985 3340 p.
2037 3258 2209 3340 219).

717 3376 964 3439 Praeter
1009 3376 1296 3456 διαιρέσεις
1360 3376 1426 3439 in
1484 3373 1764 3460 Epistola
1825 3373 1992 3438 XIII
2053 3375 2234 3438 etiam
2295 3375 2523 3438 mentio
2568 3375 2638 3437 fit

578 3482 584 3488 ’
626 3501 737 3559 τῶν
794 3495 1207 3574 Πυθαγορείων.
1324 3492 1492 3573 Quid
1551 3493 1917 3577 intelligitur
1978 3492 2092 3555 hoc
2151 3492 2336 3556 titulo
2354 3466 2389 3554 ΡΙ
2457 3491 2637 3555 Credi

628 3620 832 3698 posset
877 3613 1201 3696 significari
1246 3611 1521 3677 Platonis
1569 3612 1920 3688 Timaeum,
1968 3611 2034 3675 in
2082 3633 2204 3694 quo
2236 3611 2478 3694 dialogo
2511 3612 2640 3695 phi-

626 3730 919 3815 losophus
972 3730 1077 3794 ille
1122 3729 1572 3815 PythagoreuS,
1622 3732 1796 3794 cuius
1843 3730 2088 3793 nomine
2133 3729 2464 3813 inscriptus
2513 3737 2638 3807 est,

628 3850 851 3935 primas
900 3850 1025 3934 agit
1073 3856 1269 3933 partes
1288 3899 1305 3928 ,
1356 3847 1868 3933 quemadmodum
1901 3848 2085 3911 ceteri
2117 3846 2377 3931 dialogi,
2412 3849 2474 3910 in
2508 3849 2640 3931 qui-

696 4137 743 4196 1)
781 4137 883 4184 Hoc
928 4137 1031 4184 loco
1080 4135 1330 4199 Speusippi
1374 4136 1638 4205 διαιρῶ-εις,
1688 4151 1805 4199 quae
1851 4151 1878 4183 a
1921 4135 2112 4188 Laertio
2161 4135 2285 4194 inter
2321 4135 2462 4187 huius
2493 4149 2636 4196 opera

627 4231 863 4290 citantur,
899 4231 1152 4295 significari
1187 4247 1437 4294 perperam
1471 4230 1678 4294 conjecit
1712 4231 1974 4280 Suckovius
2008 4231 2040 4278 1.
2076 4231 2108 4278 l.
