3092 5084
1612 497 1732 557 138

662 710 779 774 τοῖς
839 703 1077 773 ναύταις
1138 702 1469 782 κομίζοντας
1518 705 1692 766 αὐτὸν
1746 705 1981 766 ἐκθεῖναι
2043 704 2178 781 πρὸς
2240 707 2340 777 τὴν
2387 704 2660 768 Ἰταλίαν.

663 821 757 886 Ab
818 822 933 883 ho'c
993 842 1131 885 vero
1193 821 1574 904 aliquantum
1638 820 1940 905 discrepat
1986 820 2194 905 Nepos
2242 843 2292 884 c.
2343 826 2417 898 4«,
2483 844 2662 905 quem

661 937 977 1023 Ephorum
1030 946 1335 1003 auctorem
1399 938 1682 1003 habuisse
1745 939 1957 1017 cred0,
2023 940 2228 1003 dicens
2291 962 2546 1017 „navem
2610 942 2665 1003 ei

660 1058 985 1135 „triremem
1032 1056 1233 1135 dedit,
1270 1080 1391 1141 qua
1422 1056 1786 1122 Corinthum
1818 1056 2211 1121 deveheretur
2229 1059 2288 1136 ,''
2322 1066 2381 1122 et
2407 1058 2661 1136 deinde,

657 1176 905 1253 „omnia
966 1199 1120 1260 quae
1172 1178 1399 1240 moveri
1444 1183 1723 1261 poterant
1768 1176 1982 1241 Dionis
2029 1177 2092 1240 in
2139 1200 2321 1241 naves
2367 1178 2663 1262 imposuit

662 1293 737 1356 ad
798 1314 1059 1377 eumque
1117 1294 1345 1358 misit.”
1426 1294 1545 1358 Cui
1592 1296 1922 1359 narrationi
1971 1295 2130 1359 haud
2180 1296 2303 1359 scio
2343 1318 2418 1359 an
2459 1298 2662 1380 potius

658 1411 937 1476 habenda
982 1414 1059 1476 sit
1105 1412 1285 1491 fides,
1343 1432 1532 1497 quum
1581 1422 1814 1477 constet
1859 1414 2174 1476 Timaeum
2221 1414 2529 1499 Dionysiis
2575 1415 2662 1477 in-

658 1532 1049 1595 festissimum
1104 1532 1291 1595 fuisse
1337 1541 1397 1595 et
1435 1532 1716 1596 lubenter
1747 1532 2080 1616 quamlibet
2113 1534 2486 1597 occasionem
2520 1534 2661 1597 arri-

658 1649 863 1735 puisse
894 1657 965 1712 ut
994 1650 1240 1714 illorum
1268 1651 1461 1713 famae
1490 1657 1751 1714 noceret.
1800 1650 2118 1714 Praeterea
2139 1650 2470 1735 Dionysius
2498 1652 2662 1715 misit

659 1768 847 1831 Dioni
906 1768 1234 1851 quotannis
1278 1767 1511 1831 reditus
1561 1768 1888 1832 fundorum
1933 1776 1992 1831 et
2038 1790 2353 1853 agrorum,
2405 1778 2476 1831 ut
2522 1769 2662 1832 Plu-

658 1886 907 1949 tarchus
936 1885 1165 1965 scribit,
1200 1908 1252 1950 e.
1291 1888 1369 1948 16
1404 1893 1586 1963 extr„
1612 1885 1776 1969 quod
1807 1885 2062 1949 affirmat
2092 1886 2399 1971 Epistola,
2434 1910 2492 1971 p.
2528 1890 2655 1950 345

660 2004 742 2084 G,
791 2014 852 2070 et
897 2005 1105 2069 exsilio
1152 2027 1372 2069 nomen
1419 2004 1759 2089 praetexuit
1801 2003 2220 2079 μεταστάσεως
2238 2054 2256 2082 ,
2304 2028 2362 2089 p.
2414 2008 2540 2069 338
2583 2006 2658 2068 A.

662 2123 981 2188 Traditum
1028 2131 1119 2187 est
1164 2146 1409 2207 quoque
1456 2146 1491 2187 a
1531 2121 1860 2187 Plutarcho
1892 2126 1965 2207 (c.
2006 2125 2128 2207 13),
2165 2124 2358 2207 primo
2389 2124 2662 2188 Platonis

658 2244 923 2308 adventu
982 2243 1348 2329 Dionysium
1405 2243 1750 2308 incredibili
1809 2244 2090 2327 flagrasse
2136 2242 2409 2307 discendi
2455 2242 2660 2306 studio

659 2386 849 2447 eoque
880 2364 1229 2427 -maximam
1289 2364 1355 2427 in
1417 2364 1558 2426 aula
1615 2363 1836 2427 factam
1896 2384 2022 2426 esse
2075 2384 2277 2426 rerum
2333 2368 2662 2425 commuta-

650 2483 891 2548 tionem
908 2532 925 2561 ,
998 2504 1188 2565 quum
1206 2532 1225 2560 ,
1280 2482 1525 2546 remotis
1575 2480 1806 2545 deliciis
1854 2488 1914 2544 et
1958 2480 2376 2565 voluptatibus
2393 2529 2412 2557 ,
2460 2480 2664 2543 omnia

657 2600 836 2664 docto
882 2600 1128 2685 pulvere
1173 2600 1430 2684 oppleta
1476 2607 1694 2663 essent.
1724 2600 1771 2683 l)
1817 2598 2095 2683 Epistola
2137 2600 2252 2663 hac
2282 2599 2359 2662 de
2388 2622 2452 2663 re
2484 2598 2663 2682 plane

657 2719 795 2783 silet
804 2745 823 2796 3
890 2718 1253 2801 Dionysium
1312 2724 1384 2781 ut
1446 2718 1519 2782 ab
1583 2717 1748 2785 omni
1810 2716 2083 2780 doctrina
2129 2714 2393 2781 alienum
2442 2716 2659 2780 descri-

656 2837 765 2901 bit.
835 2836 1255 2901 Nihilominus
1301 2836 1477 2900 Plato
1525 2858 1560 2899 a
1606 2835 1898 2919 Dionysio
1925 2835 2010 2898 sic
2038 2834 2348 2912 discessit,
2381 2842 2454 2897 ut
2488 2834 2660 2899 bene·

656 2957 955 3020 volentiae
994 2956 1304 3022 vinculum
1340 2978 1474 3019 ·non
1523 2977 1768 3039 prorsus
1815 2955 2164 3019 tolleretur:
2215 2954 2340 3035 πρὶν
2385 2955 2619 3019 ἀπιέναι
2637 3006 2654 3029 ,

641 3076 858 3160 -inquit
872 3125 891 3154 ,
953 3074 1141 3151 ξενίαν
1200 3075 1299 3139 καὶ
1359 3075 1566 3155 φιλίων
1625 3073 1887 3155 Ἀρχύτῃ
1941 3074 2038 3137 καὶ
2101 3073 2370 3151 Διονυσίῳ
2416 3074 2658 3147 ποιήσοις

656 3194 987 3259 ἀπέπλεον.
1036 3216 1095 3277 p.
1147 3195 1273 3260 338
1323 3192 1391 3257 C.

745 3313 797 3375 E
826 3314 1175 3397 postremis
1233 3313 1330 3376 his
1391 3312 1569 3375 dictis
1625 3311 1853 3375 efficere
1913 3311 2087 3387 licet,
2137 3310 2472 3374 secundum
2522 3310 2663 3395 Epi-

656 3432 875 3496 stolam
944 3433 1258 3497 Platonem
1320 3454 1479 3509 non,
1545 3439 1619 3495 ut
1679 3454 1715 3494 a
1769 3431 2076 3515 plerisque
2121 3428 2409 3510 traditur,
2467 3451 2658 3512 quum

657 3551 922 3635 primum
979 3551 1043 3615 in
1106 3551 1347 3615 Italiam
1408 3552 1701 3629 venisset,
1759 3550 1862 3615 sed
1908 3571 2098 3633 quum
2147 3572 2178 3612 e
2223 3547 2428 3612 Sicilia
2473 3548 2660 3611 disce-

656 3670 857 3747 deret,
906 3669 1235 3735 Tarentum
1281 3669 1357 3734 ad
1404 3671 1736 3754 Archytam
1783 3669 2014 3732 venisse
2061 3674 2120 3731 et
2152 3667 2486 3751 hospitium
2517 3689 2655 3731 cum

656 3789 771 3851 hoe
818 3788 1149 3872 ceterisque
1194 3789 1590 3874 Pythagoreis
1628 3787 1922 3872 junxisse.
1971 3785 2156 3865 Quod
2202 3786 2253 3849 si
2297 3808 2506 3850 verum
2538 3791 2660 3864 est,

655 3906 986 3983 ἀποδημίαν
1029 3906 1197 3970 illam
1244 3906 1391 3969 satis
1436 3907 1680 3991 longam
1725 3905 1911 3969 fuisse
1956 3904 2020 3968 in
2069 3911 2274 3988 aperto
2321 3912 2431 3967 est.
2489 3900 2662 3967 Cete-

612 4238 617 4243 ,
724 4178 768 4237 1)
802 4176 1045 4225 Alluditur
1078 4177 1135 4225 ad
1170 4176 1259 4230 hoc
1293 4176 1343 4227 in
1378 4176 1464 4247 Ep.
1502 4176 1614 4241 III,
1648 4192 1696 4247 p.
1733 4176 1827 4229 319
1863 4177 1930 4229 C:
1965 4179 2112 4233 οὐκοῦν
2127 4178 2668 4245 παιδευθέντα,ἕφησθα,

658 4281 945 4353 γεωμετρεῖν.
