3092 5084
1605 478 1724 540 110

646 712 816 775 seqq.
880 694 1121 769 σμικροῦ
1180 686 1423 758 ἐπιδεεῖς
1477 682 1642 753 εἶναι.
1735 685 2131 751 Constructio
2178 696 2382 751 autem
2425 688 2664 757 ἐπιδεεῖς

650 804 797 874 εἶναι
839 808 909 873 τὸ
950 808 1038 885 μὴ
1082 842 1175 855 -
1216 826 1427 870 vereor
1470 827 1552 869 ne
1594 826 1720 869 non
1765 805 2000 870 Graeca
2043 808 2144 870 sit.

732 925 1070 990 Affectatae
1130 923 1456 988 verborum
1516 925 1792 1008 argutiae
1850 932 2186 989 cernuntur
2227 926 2294 988 in
2339 924 2456 989 hoc
2499 924 2665 1000 loco,

644 1068 706 1130 p.
754 1046 887 1108 :354
932 1046 1025 1107 A:
1072 1042 1257 1121 Λέγω
1308 1043 1435 1123 γὰρ
1478 1043 1545 1117 δὴ
1591 1042 1884 1118 διαιτητοῦ
1927 1045 2060 1108 τινὰ
2100 1045 2308 1124 τρόπον
2327 1044 2670 1120 διαλεγόμε-

644 1184 733 1235 νος
791 1164 865 1234 ὥς
928 1162 1079 1227 δυοῖν
1095 1212 1115 1245 ,
1175 1160 1626 1243 τυραννεύσαντί
1676 1186 1746 1227 τε
1797 1162 1898 1226 καὶ
1955 1163 2412 1244 τυραννευθέντι,
2469 1164 2544 1233 ὥς
2589 1161 2664 1225 ἑνὶ

642 1282 891 1363 ἑκατέρῳ
963 1280 1235 1345 παλαιὰν
1302 1282 1447 1359 ἐμὴν
1506 1280 1866 1357 ξυμβουλήν.
1959 1280 2164 1360 Quam
2223 1282 2536 1365 quaaeitae
2586 1303 2664 1343 ne

642 1399 841 1464 dicam
886 1400 1132 1485 ineptae
1179 1398 1590 1463 anthitheses:
1637 1399 1798 1477 λέγω
1841 1438 1934 1447 -
1977 1400 2387 1476 διαλεγόμενος
2404 1450 2424 1482 ,
2463 1424 2662 1480 τυραν-

642 1518 906 1583 νεύσαντι
950 1556 1043 1567 —-
1084 1517 1539 1600 τυραννευθέντι,
1586 1521 1662 1589 ὥς
1705 1518 1852 1583 δυοῖν
1895 1558 1989 1567 -
2030 1522 2104 1591 ὥς
2149 1521 2247 1584 ἐνί.
2319 1519 2528 1583 Simile
2574 1529 2667 1583 est

643 1637 809 1722 quod
854 1659 999 1701 mox
1042 1637 1336 1722 legimus:
1384 1634 1443 1710 ὃς
1492 1638 1616 1701 ἰδὼν
1643 1690 1658 1703 .
1691 1688 1706 1703 .
1735 1688 1752 1703 .
1797 1638 2245 1720 διαφθείραντας
2297 1640 2533 1711 ἑαυτοὺς
2564 1639 2662 1702 καὶ

641 1757 747 1831 τὴν
804 1757 973 1822 πόλιν
1017 1756 1389 1837 ἑκατέρους
1429 1757 1800 1836 ἑκατέραν,
1839 1765 2143 1841 postrema
2187 1758 2392 1841 inepte
2427 1756 2663 1833 addita3

644 1880 709 1938 et
766 1897 829 1959 p.
894 1876 1023 1938 356
1089 1876 1175 1937 A:
1243 1876 1429 1954 τρίτον
1488 1875 1550 1940 δὲ
1610 1876 2018 1953 προκαλεῖσθαι
2086 1878 2204 1955 χρὴ
2269 1873 2532 1952 βασιλέα
2559 1925 2572 1937 .
2602 1927 2617 1942 .
2645 1926 2662 1940 .

644 1992 898 2057 ἔκοντα
959 1994 1255 2068 ἑκούσης
1318 2002 1425 2067 τῆς
1501 2000 1855 2064 πόλεως...
1932 1994 2034 2057 ε’ἆν
2102 1994 2264 2074 ἐθέλῃ
2317 1994 2482 2057 ἑκὼν
2539 1995 2663 2059 κτὲ.

644 2110 901 2175 Prorsus
964 2118 1171 2174 autem
1223 2111 1501 2195 ineptum
1565 2110 1730 2193 quod
1789 2110 2074 2195 deinceps
2130 2111 2371 2175 scribit:
2427 2112 2666 2187 δύναμιν

647 2232 846 2301 αὐτοῖς
876 2230 1066 2302 δόντες
1096 2230 1226 2294 εἴτ’
1262 2229 1687 2309 οἶφελόντεςε
1737 2229 2044 2313 quomodo
2075 2252 2271 2293 sermo
2301 2238 2506 2315 potest
2535 2252 2664 2293 esse

644 2348 720 2412 de
780 2347 1102 2413 adimenda
1162 2351 1465 2433 potestate
1525 2350 1616 2426 ei,
1691 2350 1793 2413 eui
1865 2349 2141 2413 nondum
2199 2349 2330 2412 ulla
2397 2356 2664 2433 potestas

643 2469 964 2533 commissa
1024 2468 1158 2532 est?
1204 2468 1527 2551 ἀφελόντες
1575 2477 1777 2553 aperte
1824 2468 2103 2533 additum
2119 2518 2138 2545 ,
2186 2478 2261 2531 ut
2306 2468 2656 2553 oppositum

644 2588 725 2651 sit
782 2587 963 2651 verbo
1024 2588 1233 2659 δόντες.
1327 2586 1513 2651 Vides
1574 2590 1929 2672 scriptorem
1991 2588 2260 2673 argutias
2307 2595 2624 2651 venantem
2642 2636 2660 2663 ,

645 2706 721 2770 de
766 2728 947 2771 sensu
993 2730 1209 2791 parum
1254 2707 1605 2772 sollicitum.

732 2824 1100 2910 Expromam
1163 2826 1344 2889 etiam
1409 2849 1604 2890 unum
1667 2834 1729 2889 et
1788 2826 2048 2889 alterum
2110 2825 2314 2889 locum
2375 2832 2666 2907 tanquam

643 2945 946 3028 specimen
992 2943 1561 3029 grandiloquentiae
1607 2952 1671 3008 et
1717 2945 1980 3028 tragicae
2023 2944 2347 3009 verborum
2386 2965 2660 3027 pompae.

644 3060 1018 3125 Huiusmodi
1062 3069 1207 3126 sunt
1254 3062 1429 3140 haec,
1478 3085 1542 3148 p..
1573 3065 1702 3125 354
1735 3060 1812 3125 C:
1861 3058 1888 3125 ὃ
1923 3062 1988 3137 δὴ
2022 3061 2117 3126 καὶ
2153 3068 2246 3125 νῦν
2285 3063 2456 3138 οὑμὸς
2481 3060 2657 3138 λόγος

644 3184 792 3245 πᾶσι
830 3181 1408 3261 παρακελεύεται...
1460 3180 1706 3263 φεύγειν
1751 3188 1921 3261 may?
1965 3182 2352 3255 ἀπλήστως
2392 3180 2662 3244 πεινών-

644 3324 774 3363 των
804 3299 1325 3377 εὐδαιμόνισμα
1353 3300 1722 3378 οένθρώπων
1753 3300 1870 3363 καὶ
1901 3300 2239 3373 ιπιένοιᾷτων,
2275 3297 2337 3361 h.
2365 3320 2416 3361 e.
2450 3297 2659 3383 fugere

646 3418 932 3482 hominum
968 3417 1295 3480 viasabiabili
1320 3418 1499 3504 fame
1535 3417 1904 3481 esurientium
1941 3416 2181 3481 dabie-ias
2201 3423 2258 3480 οι
2279 3416 2618 3480 dementium
2634 3466 2652 3493 ,

647 3535 940 3619 intelligi-'t
984 3534 1383 3620 tyrannidem.
1476 3534 1559 3598 Et
1621 3558 1679 3619 p.
1740 3537 1863 3599 357
1916 3536 2006 3597 A:
2055 3538 2352 3613 κρατήσας
2399 3539 2508 3599 τῶν
2555 3537 2660 3615 ἕχ-

648 3658 779 3735 θρῶν
838 3656 964 3731 μεθ’
1032 3654 1220 3736 ὑμῶν,
1280 3656 1337 3719 εἶ
1399 3655 1491 3729 μὴ
1544 3652 1819 3729 ξενικαὶ
1875 3650 2216 3733 Ἐριννύες
2259 3653 2655 3733 ἐκώλυσαν,

648 3772 709 3836 h.
774 3795 823 3836 e.
894 3774 1094 3854 hospes
1160 3772 1262 3857 quz'
1326 3792 1413 3835 me
1478 3771 1808 3858 interfecit,
1855 3772 2072 3855 nempe
2117 3769 2436 3855 Callippus
2454 3820 2472 3849 ‚
2545 3772 2652 3855 qui

647 3892 712 3955 in
772 3890 1052 3976 Epistola
1115 3888 1263 3968 VII,
1332 3913 1392 3975 p.
1458 3892 1586 3953 336
1648 3889 1734 3968 B,
1781 3889 1966 3953 simili
2011 3889 2365 3974 metaphora
2409 3898 2658 3953 vocatur

648 4008 935 4088 ἀλιτήριός
993 4032 1081 4080 τις
1142 4010 1407 4085 ἐμπεσὼν
1466 4009 1680 4089 οὲνομία
1746 4006 1843 4072 καὶ
1906 4007 2188 4083 ἀθεότητι.
2283 4006 2460 4070 Nihil
2514 4029 2654 4071 vero

648 4125 1027 4211 splendidius
1090 4148 1270 4209 quam
1338 4126 1724 4189 enuntiatum
1791 4126 1852 4189 in
1915 4125 2190 4209 epilog0‚
2255 4148 2378 4209 quo
2437 4127 2655 4210 episto-

528 4256 533 4263 '
649 4246 767 4309 lam
823 4245 918 4308 vel
962 4246 1168 4330 potius
1214 4246 1564 4324 δημηγορίαν
1623 4242 1872 4308 claudit.
1981 4244 2100 4305 Dio
2147 4244 2363 4308 suadet
2407 4244 2651 4322 amicis»,
