3092 5084
1571 450 1696 511 136

718 658 967 721 Mortuo
1016 656 1309 739 Dionysio
1356 678 1548 739 quum
1595 656 1656 719 in
1705 679 1960 741 regnum
2007 657 2390 721 successisset
2435 658 2630 733 filius,

631 778 764 853 hic,
828 766 1121 839 suadente
1181 774 1415 851 Dione,
1480 774 1590 857 qui
1651 774 1928 858 sperabat
1973 776 2050 845 εἰς
2105 776 2408 852 ἐπιθυμίαν
2455 774 2632 839 ἐλθεῖν

631 894 806 959 αὐτὸν
863 900 964 959 τοῦ
1023 893 1343 986 καλλίστου
1400 892 1498 956 καὶ
1562 891 1792 972 ἀρίστου
1836 892 1966 969 βίου
2027 892 2108 978 (Ρ.
2158 895 2282 958 327
2332 893 2413 977 D)
2430 890 2468 971 ,⁴
2498 890 2633 955 Pla-

628 1023 833 1077 tonem
880 1011 1159 1075 invitavit
1221 1018 1291 1075 ut
1350 1010 1574 1074 iterum
1634 1009 1699 1073 in
1759 1010 2027 1075 Siciliam
2073 1012 2392 1097 trajiceret.
2489 1011 2636 1075 Post

625 1133 836 1217 longas
898 1130 1361 1194 deliberationes
1428 1128 1606 1193 Plato
1642 1128 1646 1133 ’
1677 1129 2219 1214 obtemperandum
2291 1130 2498 1193 amicis
2547 1152 2639 1193 ra-

626 1261 759 1329 tus,
804 1250 1179 1327 καταλιπὼν,
1252 1247 1437 1325 dicit,
1504 1246 1618 1319 τὰς
1665 1248 1920 1324 ἐμαυτοῦ
1965 1248 2267 1328 διατριβὰς
2315 1248 2491 1319 οὔσας
2537 1250 2638 1313 οὐκ

626 1370 976 1449 ἀσχήμονας
1022 1361 1107 1451 (h.
1165 1390 1214 1431 e.
1264 1367 1707 1451 disputationes
1753 1366 1819 1429 in
1869 1366 2248 1452 Academia),
2315 1366 2640 1452 Syracusas

630 1488 933 1572 profectus
980 1510 1149 1564 sum,
1199 1509 1339 1549 cum
1384 1486 1604 1549 Dionis
1649 1486 1846 1571 gratia
1886 1492 2018 1549 tum
2052 1486 2488 1571 philosophiae.
2552 1486 2643 1550 Ut

626 1629 765 1671 vero
829 1605 1078 1683 adveni,
1142 1605 1337 1689 reperi
1411 1604 1539 1668 illic
1593 1604 1798 1668 omnia
1863 1604 2122 1675 στάσεως
2185 1604 2282 1669 καὶ
2353 1605 2636 1681 διαβολῶν

630 1724 863 1803 μεστά,
918 1724 1459 1788 calumniatoribus
1512 1723 1774 1787 Dionem
1830 1721 2293 1787 criminantibus
2343 1723 2510 1807 quod
2554 1745 2642 1787 re-

634 1867 819 1930 gnum
882 1842 1185 1907 affectaret
1220 1843 1300 1926 ¹),
1372 1864 1493 1925 quo
1555 1841 1784 1905 factum
1845 1846 1916 1905 ut
1975 1848 2192 1925 quarto
2251 1842 2374 1905 fere
2433 1826 2677 1905 mense·

633 1970 773 2048 post
839 1960 1169 2025 adventum
1233 1959 1508 2023 Platonis
1575 1959 1696 2023 Dio
1764 1982 1800 2023 a
1867 1965 2144 2044 tyranno·
2191 1961 2478 2046 expulsus
2527 1960 2638 2023 sit:

634 2080 765 2159 μηνὶ
805 2067 893 2144 ’δὲ
959 2078 1169 2159 σχεδὸν
1225 2075 1358 2151 ἴσως
1416 2076 1678 2159 τετάρτῳ
1735 2076 1931 2143 Δίωνα
1977 2076 2262 2150 Διονύσιος
2309 2078 2645 2155 αἰτιώμενος·

634 2197 1023 2277 ἐπιβουλεύειν
1066 2207 1141 2280 τῇ
1185 2198 1461 2277 τυραννίδι
1507 2196 1740 2277 σμικρὸν
1785 2199 1864 2270 εἰς
1903 2205 2096 2263 πλοῖον
2134 2198 2482 2277 ε’μβιβάο-ας
2522 2196 2642 2274 ἐξέ-

637 2319 828 2396 βαλεν
856 2318 1101 2395 ἀτίμως.
1150 2318 1237 2401 (Ρ.
1264 2318 1390 2379 329
1426 2314 1517 2401 G).
1551 2316 1780 2380 Exacto
1813 2315 2037 2394 Dione,
2073 2317 2248 2380 Plato
2281 2341 2316 2380 a
2346 2316 2643 2401 Dionysio

636 2443 909 2501 retentus
956 2442 1047 2499 est
1092 2434 1419 2519 Syracusis,
1510 2434 1609 2499 Ibi
1655 2419 1926 2499 habitare
1974 2458 2112 2509 eum
2151 2436 2338 2520 jussit
2379 2436 2447 2499 in
2487 2442 2674 2499 acro-'

640 2556 767 2643 poli
827 2562 887 2619 et
944 2556 1010 2618 in
1071 2555 1199 2618 dies
1259 2554 1451 2639 magis
1510 2554 1826 2639 magisque
1888 2576 2026 2617 eum
2088 2553 2280 2619 coluit
2348 2560 2408 2618 et
2479 2554 2646 2619 blan-

640 2674 806 2739 ditiis
859 2680 1217 2759 prosecutus
1264 2680 1388 2751 est,
1458 2680 1529 2738 ut
1591 2674 1721 2737 eius
1767 2673 2020 2758 gratiam
2081 2673 2197 2737 sibi
2257 2674 2612 2738 conciliaret
2627 2700 2646 2750 3

641 2793 779 2871 sed,
829 2792 993 2878 quod
1038 2792 1295 2857 maxime
1341 2792 1592 2877 optabat
1636 2792 1812 2856 Plato
1832 2841 1850 2869 ,
1899 2801 1970 2857 ut
2013 2792 2435 2878 philosophiae
2486 2816 2649 2879 prae-

640 2912 830 2996 ceptis
905 2909 1237 2994 Dionysius
1314 2910 1655 2975 erudiretur
1731 2918 1791 2973 et
1853 2910 2111 2975 disceret
2166 2910 2390 2994 quibus
2451 2910 2650 2975 modis

644 3029 885 3093 Siciliae
956 3028 1229 3093 civitates
1306 3027 1573 3092 desertas
1647 3028 1966 3111 restituere
2045 3035 2105 3092 et
2166 3052 2201 3092 a
2259 3014 2652 3093 barbarorum

639 3150 790 3234 jugo
848 3147 1102 3212 liberare
1161 3154 1364 3233 posset
1426 3148 1507 3232 (p.
1558 3150 1683 3211 332
1733 3147 1855 3232 E)f
1892 3148 1956 3211 id
2003 3147 2197 3211 facere
2252 3147 2485 3211 noluit:
2535 3148 2650 3224 ἐγὼ

648 3266 706 3333 δὲ
774 3266 977 3331 πάντα
1038 3265 1346 3343 ὑπέμενον,
1375 3315 1390 3331 .
1418 3315 1433 3331 .
1462 3314 1477 3329 .
1540 3267 1594 3331 ὃ»
1627 3266 1674 3331 δ’
1697 3266 1943 3343 ἐνίκησεν
2001 3266 2322 3331 ἀντιτείνων
2381 3268 2463 3351 (Ρ.
2522 3268 2648 3329 330

650 3386 745 3470 Β).
868 3384 967 3449 Ν6
1050 3386 1260 3471 plura,
1331 3391 1634 3469 postremo
1649 3434 1668 3463 ,
1739 3384 2050 3450 occasione
2109 3384 2253 3449 belli
2323 3385 2386 3450 in
2449 3384 2654 3449 Sicilia

650 3504 871 3581 exorti,
918 3503 1096 3567 Plato
1142 3527 1179 3567 a
1220 3503 1516 3589 Dionysio
1565 3502 1828 3569 abeundi
1872 3499 2108 3570 veniam
2153 3502 2533 3587 impetravit,
2582 3524 2653 3566 ea

650 3622 996 3719 conditione
1042 3630 1139 3702 ut,
1187 3594 1335 3708 pace
1380 3623 1747 3709 composita,
1796 3644 1936 3687 cum
1980 3622 2180 3687 Dione
2224 3622 2451 3687 rediret
2481 3620 2654 3706 Syra-

650 3765 844 3808 cusas·
892 3742 1223 3807 Discedens
1269 3718 1577 3826 profectus
1623 3749 1714 3807 est
1757 3742 2121 3820 Tarentum,
2169 3741 2278 3806 ubi
2321 3740 2655 3825 hospitium

719 4043 765 4103 1)
801 4043 936 4092 Inter
970 4041 1137 4091 Dionis
1170 4042 1449 4107 eosdemque
1484 4040 1698 4091 Platonis
1731 4039 2025 4091 adversarios
2057 4039 2306 4103 praecipue
2341 4036 2655 4087 nominandus

654 4138 911 4217 Philistus,
937 4138 1072 4187 cuius
1096 4137 1277 4188 mentio
1310 4138 1367 4187 fit
1398 4138 1447 4190 in
1478 4138 1570 4203 Ep.
1596 4138 1679 4187 III
1695 4174 1710 4197 ,
1727 4153 1776 4202 Ρ.
1801 4138 1894 4187 315
1920 4137 2112 4195 Euam
2125 4140 2218 4204 γὰρ
2235 4134 2658 4189 ὑπὸΦιλισ-τὶδου

654 4236 727 4287 καὶ
760 4236 905 4286 ἄλλων
935 4236 1135 4286 πολλῶν.
1159 4270 1170 4283 .
1192 4270 1205 4284 .
1238 4233 1503 4301 διεβλήθην,
1539 4248 1626 4299 pro
1659 4248 1753 4297 quo
1787 4232 2036 4299 legendum
2067 4233 2286 4285 Φιλίστου.
