3092 5084
1366 1201 1762 1315 CAPUT
1832 1219 1966 1320 IX.

728 1546 807 1591 nn
852 1545 1315 1606 ammomum,
1362 1545 1710 1592 rmcrruu
1755 1537 1884 1592 111⁸⁶
1927 1533 1997 1590 et
2033 1535 2192 1603 vnn,
2256 1543 2611 1590 rnorosrro.

1124 1667 1209 1710 nn
1252 1665 1554 1712 rua-oms
1599 1665 2208 1713 numeraremus.

1450 1962 1877 2005 —ovoeoo—

749 2246 949 2333 Supra
1000 2249 1129 2334 jam
1185 2247 1724 2314 animadvertimus
1741 2298 1760 2328 ‚
1823 2247 1993 2332 quod
2053 2247 2358 2313 neminem
2417 2248 2526 2333 qui
2570 2248 2683 2312 has

658 2365 945 2450 epistolas
989 2373 1222 2431 attento
1268 2368 1471 2432 animo
1514 2367 1842 2452 perlegerit
1901 2367 2112 2452 fugere
2173 2374 2378 2452 potest
2391 2416 2410 2446 ‚
2471 2387 2679 2431 earum

657 2484 1009 2570 plerasque,
1055 2485 1381 2570 praecipue
1424 2507 1568 2550 vero
1615 2483 1809 2552 VIIm
1855 2492 1918 2550 et
1946 2485 2148 2564 HIffl,
2197 2486 2508 2550 continere
2552 2485 2681 2549 lau·

658 2602 969 2668 dationem
1012 2604 1288 2669 Platonis
1333 2605 1430 2668 vel
1470 2605 1677 2690 potius
1731 2605 2172 2684 defensionem,
2222 2627 2345 2690 qua
2389 2612 2522 2670 tum
2561 2604 2682 2669 alia

656 2730 788 2787 tum
830 2724 1091 2788 maxime
1146 2725 1277 2788 eius
1329 2724 1551 2788 itinera
1602 2722 1929 2810 Syracusas
1983 2732 2268 2810 suscepta
2300 2731 2363 2788 et
2393 2746 2682 2789 commer-

658 2842 824 2906 cium
885 2842 1054 2926 quod
1114 2843 1171 2906 ei
1231 2865 1372 2908 cum
1433 2842 1626 2907 altero
1688 2843 1986 2928 Dionysio
2040 2843 2161 2909 fuit
2209 2843 2284 2908 ab
2309 2841 2682 2908 invidorum

656 2960 1230 3046 reprehensionibus
1291 2961 1699 3027 vindicantur.
1795 2960 2032 3049 Operae
2092 2963 2357 3049 pretium
2402 2969 2556 3048 puto
2615 2959 2682 3025 id

657 3079 998 3143 accuratius
1044 3078 1362 3144 ostendere
1407 3087 1470 3144 et
1514 3080 1700 3145 simul
1728 3080 2028 3159 indicare,
2063 3079 2410 3147 cuiusmodi
2441 3087 2503 3145 et
2533 3101 2684 3165 quo-

652 3221 936 3264 rumnam
964 3198 1191 3264 fuerint
1218 3199 1373 3263 istae
1401 3199 1902 3285 vituperationes,
1927 3223 2084 3286 quae
2107 3200 2460 3266 scribendae
2484 3200 2675 3264 huius

659 3317 975 3402 apologiae
1022 3340 1230 3382 ansam
1277 3317 1578 3384 dederint.

747 3434 826 3500 In
856 3435 1104 3500 exordio
1126 3435 1443 3522 Epistolae
1463 3435 1596 3501 VII
1617 3436 1798 3502 Plato
1813 3444 2245 3502 commemorat
2259 3459 2503 3503 causam
2517 3458 2631 3503 cur
2645 3459 2682 3501 a

656 3553 973 3639 republica
1017 3554 1401 3621 abstinuerit.
1492 3555 1664 3620 Dicit
1707 3553 1773 3621 id
1821 3579 1884 3621 se
1929 3556 2142 3621 fecisse
2171 3578 2296 3620 non
2329 3577 2442 3620 sua
2469 3555 2682 3620 volun-

657 3679 784 3737 tate
798 3721 819 3751 ‚
867 3672 974 3738 sed
1020 3672 1287 3738 adversis
1332 3673 1712 3759 temporibus
1759 3681 1822 3739 et
1859 3673 2162 3760 corruptis
2206 3674 2470 3738 civitatis
2500 3673 2680 3739 mori-

656 3791 774 3856 bus
835 3797 1135 3857 coactum.
1226 3791 1376 3865 Νέος
1436 3791 1543 3871 ὢν,
1591 3792 1796 3878 inquit
1809 3842 1830 3872 ,
1877 3793 2087 3876 ᾠήθην,
2144 3793 2192 3859 εἰ
2244 3794 2452 3858 dim-ov
2495 3793 2677 3869 ἐμαυ-

656 3915 759 3976 τοῦ
818 3911 1090 3989 γενοίμην
1148 3910 1332 3992 κύριος
1350 3961 1370 3988 ,
1437 3911 1534 3976 {aa
1589 3911 1670 3977 τὰ
1709 3912 1883 3978 κοινὰ·
1911 3919 2014 3988 τῆς
2062 3911 2285 3984 πόλεως
2329 3911 2493 3984 εὐθὺς
2537 3911 2678 3976 ἰέναι

658 4030 744 4114 (p.
808 4030 937 4093 324
1000 4028 1107 4114 B);
1172 4028 1280 4094 sed
1325 4027 1401 4094 ab
1449 4028 1567 4093 hoc
1613 4030 1930 4115 proposito
1975 4052 2113 4095 sum
2159 4029 2485 4094 deterritus
2521 4030 2677 4094 inse-

658 4153 804 4212 cuta
846 4145 1031 4211 XXX
1076 4147 1345 4211 virorum
1389 4146 1827 4212 dominatione.
1919 4147 2036 4212 His
2082 4146 2353 4233 expulsis
2384 4146 2547 4212 idem
2576 4169 2676 4211 me

660 4265 937 4330 studium
987 4266 1207 4332 traxit:
1260 4265 1608 4348 βραδύτερον
1647 4267 1756 4344 μὲν
1775 4318 1794 4343 ,
1841 4261 1999 4332 εἷλκε
2043 4266 2103 4332 δέ
2139 4291 2220 4346 με
2265 4265 2420 4346 ὅμως
2465 4269 2500 4344 ἦ
2546 4265 2673 4346 περὶ
