3092 5084
1622 525 1702 584 :26

661 725 754 787 his
801 727 1150 809 conspirant
1197 750 1349 810 quae
1397 729 1472 792 ad
1509 730 1770 794 Dionem
1802 732 2011 795 scribit
2039 732 2151 816 Ep.
2188 733 2298 811 IV,
2335 759 2392 819 p.
2428 738 2553 798 320
2589 736 2657 799 C.

658 842 756 906 Ita
801 844 865 907 in
911 844 1226 909 Platonem
1274 848 1631 912 transfertur
1674 850 1739 913 id
1784 850 1981 934 ipsum
2027 852 2189 934 quod
2236 853 2337 916 ille
2378 855 2659 919 acerrime

659 961 722 1023 in
769 960 1070 1047 Sophistis
1117 966 1460 1050 vituperare
1505 969 1754 1032 solebat.

745 1079 988 1145 Gloriae
1049 1083 1254 1147 studio
1299 1085 1557 1150 finitima
1607 1095 1698 1151 est
1747 1089 2041 1169 φιλονικίαι
2094 1098 2154 1152 et
2206 1093 2616 1169 μεγαληγορίαε
2636 1141 2654 1167 ,

658 1221 812 1282 quae
837 1201 901 1264 in
925 1202 1205 1266 omnibus
1231 1204 1502 1289 epistolis
1528 1213 1786 1290 utraque
1811 1207 1932 1270 fere
1948 1209 2203 1292 paginae
2223 1208 2480 1272 elucent.
2522 1208 2656 1293 [pse

655 1339 718 1380 se
775 1318 971 1384 solum
1029 1343 1235 1406 sapere
1281 1323 1616 1402 existimat,
1666 1331 1893 1389 ceteros
1940 1333 2179 1389 tantum
2235 1333 2533 1409 quantum
2580 1326 2654 1391 ab

657 1436 787 1520 ipso
835 1441 1204 1525 accepissent
1218 1469 1235 1520 ;
1285 1442 1502 1526 quodsi
1533 1443 1657 1507 sint
1687 1445 1794 1526 qui
1825 1452 2043 1528 putent
2073 1467 2136 1508 se
2168 1451 2379 1530 suopte
2409 1445 2653 1528 ingenio

655 1557 886 1641 aliquid
946 1561 1267 1644 reperisse,
1333 1584 1544 1625 vanam
1592 1562 1745 1625 hanc
1793 1561 1941 1625 dicit
1989 1585 2115 1626 esse
2162 1563 2540 1646 opinionem3
2590 1563 2653 1626 in

653 1677 891 1755 nemine
953 1678 1156 1745 bonae.
1189 1680 1337 1763 quid
1383 1681 1576 1765 frugis
1621 1681 1814 1744 inesse
1834 1730 1849 1756 ,
1898 1681 2004 1764 qui
2049 1703 2173 1744 non
2219 1681 2293 1744 ab
2339 1681 2473 1765 ipso
2522 1704 2652 1765 pro-

651 1793 830 1862 batus
893 1804 954 1861 et
1013 1805 1318 1882 spectatus
1381 1799 1460 1861 sit
1474 1825 1492 1876 3
1557 1799 1762 1882 itaque
1824 1822 1887 1862 se
1947 1799 2065 1862 coli
2127 1808 2187 1862 et
2248 1799 2531 1863 honorari
2576 1799 2650 1862 ab

651 1916 930 1981 omnibus
993 1924 1268 2002 oportere
1329 1925 1399 1980 ut
1459 1917 1786 2001 sapientiae
1840 1913 2166 1981 auctorem.
2256 1897 2425 1982 Haec
2472 1917 2651 1980 modo

649 2035 870 2099 tectius
890 2084 909 2113 ,
957 2034 1137 2097 modo
1185 2035 1450 2119 apertius
1497 2034 1901 2119 proloquitur.
1950 2034 2091 2098 Vid.
2140 2033 2255 2121 Ep.
2290 2034 2390 2113 II,
2426 2059 2484 2120 p.
2520 2037 2645 2099 312

651 2154 737 2230 Β,
789 2151 859 2216 c.
908 2152 1022 2237 Ep.
1073 2151 1205 2230 ΙΙΙ,
1241 2176 1298 2237 p.
1337 2129 1463 2216 3⁴16
1504 2151 1575 2215 e.
1622 2152 1736 2236 Ep.
1772 2151 1919 2231 VII,
1954 2177 2013 2238 p.
2048 2155 2165 2217 34]
2208 2152 2521 2216 B--342
2558 2155 2647 2230 A,

651 2295 710 2355 p.
775 2275 908 2335 344
971 2271 1063 2349 D,
1142 2295 1199 2356 p.
1266 2273 1391 2336 345
1441 2270 1510 2334 C.
1604 2271 1692 2334 Ut
1750 2293 1941 2334 unum
1988 2271 2327 2355 exemplum
2373 2270 2649 2349 afferam,

640 2413 835 2474 'quam
903 2398 1248 2474 arroganter
1308 2389 1536 2453 dictum
1583 2396 1673 2453 est
1716 2389 1871 2453 illud
1917 2412 1975 2473 p.
2026 2391 2149 2452 341
2200 2389 2291 2452 D:
2340 2390 2523 2454 καίτοι
2564 2414 2652 2453 τσ-

649 2505 804 2574 σόνδε
856 2504 1078 2585 γὀἶδοι,
1134 2507 1216 2572 ὅτι
1269 2508 1580 2587 γραφέντα
1640 2507 1673 2583 ἢ
1718 2507 2007 2587 λεχθέντα
2054 2509 2150 2572 ὑπ’
2196 2511 2335 2585 ἐμοῦ
2382 2508 2647 2585 βέλτιστ’

649 2627 720 2692 ἂν
766 2629 1020 2707 λεχθείη.

738 2745 836 2808 Ad
882 2745 1213 2830 discipulos
1260 2753 1320 2809 et
1364 2745 1688 2808 familiares
1733 2747 1819 2808 sic
1862 2745 2135 2828 loquitur
2164 2753 2237 2808 ut
2266 2745 2645 2830 aretalogus;

650 2862 921 2926 abundat
975 2863 1124 2926 locis
1186 2863 1607 2926 communibus
1624 2913 1642 2940 ,
1706 2870 2025 2948 praecepta
2076 2871 2365 2946 tanquam
2421 2863 2649 2928 oraculi

650 2982 827 3046 effata
887 2982 1029 3046 edit.
1090 2980 1230 3045 Vid.
1280 2982 1394 3066 Ep.
1442 2981 1603 3060 VII,
1652 3005 1711 3066 p.
1761 2984 1889 3046 334
1937 2980 1985 3045 C
2033 2990 2093 3045 et
2140 2984 2266 3045 336
2317 2981 2401 3059 Ε,
2453 2980 2646 3059 VIII,

653 3122 708 3183 p.
759 3101 886 3162 354
936 3101 1010 3163 Α.
1059 3099 1284 3163 Crebro
1331 3101 1394 3163 in
1441 3122 1542 3164 ore
1589 3099 1771 3164 habet
1815 3098 1973 3162 illud
2028 3103 2184 3180 φημ’
2230 3099 2364 3177 ἐγώ,
2414 3102 2487 3170 ὡς
2532 3101 2646 3176 ἐγώ

644 3226 820 3297 φημι.
868 3217 980 3302 Ep.
1031 3218 1117 3294 II,
1166 3241 1225 3302 p.
1275 3219 1399 3282 310
1444 3216 1527 3295 O,
1578 3221 1703 3282 311
1739 3217 1816 3282 D.
1852 3217 1973 3296 VI,
2006 3241 2065 3302 p.
2109 3220 2235 3281 322
2269 3217 2360 3296 D,
2388 3217 2552 3282 alibi.
2597 3219 2640 3301 ¹)

735 3335 1065 3420 Superbiae
1113 3337 1254 3400 huic
1294 3338 1509 3420 juncta
1555 3343 1673 3414 est,
1723 3358 1878 3419 quae
1908 3336 2055 3400 item
2084 3336 2150 3412 in
2181 3336 2462 3400 omnibus
2494 3336 2645 3420 epis-

647 3454 789 3518 tolis
851 3455 1116 3518 cernitur
1131 3504 1149 3531 ,
1213 3455 1490 3518 affectata
1551 3455 1791 3539 pietatis
1852 3463 1913 3518 et
1971 3454 2279 3538 religionis
2325 3455 2649 3518 ostentatio

649 3581 772 3636 tam
819 3573 883 3636 in
929 3573 1245 3637 sententiis
1292 3594 1476 3656 quam
1519 3573 1585 3636 in
1626 3573 1840 3637 verbiS.
1918 3572 2259 3637 Sexcenties
2290 3572 2649 3637 offendimus

649 3691 944 3756 dictiones
1006 3691 1390 3772 huiusmodi:
1455 3690 1526 3756 ἂν
1587 3693 1700 3764 θεὸς
1748 3691 1943 3773 ἐθέλῃ,
1995 3692 2096 3755 σὺν
2140 3694 2240 3771 θεῷ
2278 3693 2485 3764 εἰπεῖν,
2532 3692 2651 3762 θείᾳ

648 3814 752 3874 τινὶ
785 3811 970 3890 τύχῃ,
1001 3808 1537 3887 ξυλλαμβανόντων
1568 3811 1699 3874 θεῶν
1718 3860 1731 3878 ,
1764 3809 1887 3874 θεία
1916 3817 2115 3889 μοῖραι,
2151 3810 2276 3890 ἱεραὶ
2306 3808 2610 3886 ξυμβουλή
2630 3861 2647 3884 ,

650 3929 888 4011 aliaque
933 3927 997 3992 id
1043 3950 1236 4013 genus
1297 3935 1506 3992 notata
1541 3929 1669 4013 jam
1707 3928 1929 4013 passim
1976 3928 2051 3992 ab
2108 3928 2283 3991 Astio
2295 3977 2314 4006 ‚
2344 3929 2392 4011 2)
2425 3927 2648 4012 quibus

719 4215 765 4275 1)
800 4214 907 4263 vid.
943 4195 1046 4264 As't.
1079 4216 1186 4265 libr.
1220 4215 1348 4265 laud.
1383 4232 1429 4280 p.
1465 4215 1585 4274 509,
1624 4216 1743 4276 516,
1780 4216 1902 4274 519,
1938 4215 2051 4265 599.

716 4310 763 4372 2)
801 4309 906 4359 vid.
941 4313 1046 4360 Ast.
1083 4329 1127 4376 p.
1164 4312 1284 4369 511,
1320 4312 1440 4370 514,
1477 4309 1600 4371 517;
1636 4310 1731 4360 519
1766 4328 1864 4375 sq„
1900 4311 2022 4371 532,
2060 4311 2173 4360 528.
