3092 5084
1368 508 1487 569 131

428 718 730 783 Σικελίαν·
770 722 985 795 πρῶτον
1014 714 1122 793 μὲν
1151 716 1315 779 κοοτοὶ
1345 714 1475 780 θέαν
1506 722 1611 789 τῆς
1643 715 1809 789 νήσου
1839 717 1938 781 καὶ
1968 722 2079 781 τῶν
2111 716 2432 797 κρατήρων,

428 834 525 901 ὅτε
586 834 685 900 καὶ
748 833 1033 906 Διονύσιος
1090 835 1120 897 ο”
1176 832 1594 913 ’Ἑρμοκράτους
1646 833 1912 915 τύραννος
1979 836 2051 899 ὧν
2112 835 2444 913 ἠνάγκασεν

408 953 576 1033 ίὥστε
638 951 931 1030 συμμίξαι
1002 954 1159 1032 αὐτῷ
1186 1001 1203 1017 .
1231 1001 1247 1018 .
1275 1002 1290 1017 .
1319 1002 1335 1017 .
1397 952 1650 1031 δεύτερον
1723 952 1860 1034 πρὸς
1905 952 2000 1018 τὸν
2046 954 2303 1034 νεώτερον
2343 948 2444 1027 ἧκε

432 1072 719 1137 Διονύσιον
765 1072 939 1136 afran
981 1078 1093 1147 γῆν
1138 1070 1236 1133 καὶ
1284 1070 1600 1150 ἀνθρώπους
1639 1070 1772 1141 τοὺς
1809 1070 1970 1135 κατὰ
2006 1073 2110 1147 τὴν
2147 1070 2443 1136 πολιτείαν

432 1193 609 1256 αὐτοῦ
657 1188 991 1271 ζησομένους
1018 1237 1035 1253 .
1082 1190 1110 1255 o‘
1156 1189 1215 1253 δὲ
1244 1188 1452 1267 καίπερ
1485 1190 1882 1269 ὑποσχόμενος
1913 1192 2013 1253 οὐκ
2042 1190 2327 1264 ἐποίησεν.
2349 1242 2364 1257 .
2384 1240 2401 1256 .
2425 1240 2440 1255 .

430 1310 615 1391 τρίτον
660 1304 794 1383 ἦλθε
839 1306 1170 1384 διωλλιέξων
1209 1307 1404 1373 Δίωνοο
1441 1306 1712 1387 Διονυσίῳ
1735 1360 1754 1381 ,
1803 1310 1864 1373 οὐ
1918 1310 2112 1387 τυχὼν
2143 1308 2191 1375 δ’
2221 1306 2445 1388 ἄπροικ-

430 1452 527 1501 τος
560 1430 874 1503 ἐπανῆλθεν
904 1430 983 1499 εἷς
1031 1430 1133 1503 τὴν
1178 1427 1452 1505 πάτριδοο.
1516 1427 1599 1489 Et
1630 1426 1902 1490 strictius
1935 1426 2010 1491 ab
2041 1426 2334 1513 Apuleio,
2367 1426 2444 1490 de

432 1546 634 1631 dogm.
681 1546 840 1611 Plat.
889 1546 957 1621 I,
1006 1568 1059 1609 c.
1106 1549 1182 1609 4:
1259 1544 1591 1623 „Ceterum
1638 1553 1760 1609 tres
1807 1544 2127 1630 (Platonis)
2174 1545 2250 1609 ad
2296 1544 2442 1609 Sici-

431 1664 571 1727 liam
614 1663 910 1727 adventus
955 1662 1101 1726 mali
1149 1636 1397 1746 quidem
1444 1660 1702 1747 carpunt
1750 1662 2000 1727 diversis
2049 1662 2440 1747 opinionibus

434 1782 794 1846 disserentes
810 1808 828 1859 3
888 1781 993 1845 sed
1038 1781 1143 1845 ille
1190 1781 1384 1865 primo
1432 1781 1719 1845 historiae
1765 1782 1994 1865 gratia,
2045 1789 2116 1845 ut
2159 1791 2442 1845 naturam

434 1906 669 1966 Aetnae
715 1910 776 1965 et
805 1900 1153 1965 incendium
1193 1901 1439 1964 concavi
1470 1901 1698 1964 montis
1732 1900 2132 1985 intelligeret,
2176 1900 2441 1964 secundo

433 2021 635 2105 petitu
714 2019 992 2103 Dionysii
1052 2028 1125 2083 ut
1185 2018 1580 2105 Syracusanis
1634 2020 1938 2083 assisteret
1995 2020 2302 2105 profectus
2381 2026 2442 2082 et

435 2146 507 2202 ut
549 2138 946 2222 municipales
1007 2138 1170 2221 leges
1232 2138 1363 2201 eius
1411 2138 1756 2223 provinciae
1803 2137 2139 2201 addisceret
2154 2164 2173 2216 3
2222 2138 2440 2202 tertius

434 2258 565 2321 eius
613 2257 907 2321 adventus
968 2257 1301 2341 fugientem
1355 2257 1618 2321 Dionem
1635 2308 1654 2336 ,
1704 2257 2022 2343 impetrata
2065 2280 2100 2320 a
2143 2239 2439 2341 Dioilysio

435 2375 609 2439 venia
623 2424 642 2451 ,
689 2375 918 2459 patriae
962 2396 1109 2438 suae
1139 2374 1380 2439 reddidi
1411 2374 1469 2439 .”

520 2609 561 2673 J
563 2632 655 2673 am
704 2609 783 2672 ad
827 2610 1115 2695 epistolae
1159 2610 1565 2674 narrationem
1613 2608 1954 2675 accedimus
1971 2659 1988 2687 ,
2037 2610 2103 2673 in
2133 2630 2254 2695 qua
2284 2609 2440 2695 diju-

432 2726 691 2791 dicanda
733 2750 856 2791 non
893 2727 1325 2813 negligendum
1358 2736 1449 2792 est
1479 2728 1802 2791 consilium
1836 2727 2003 2811 quod
2033 2728 2290 2812 scriptor
2320 2728 2437 2793 sibi

430 2846 779 2941 proposuit:
829 2868 863 2909 a
906 2846 1159 2909 consilio
1204 2846 1365 2909 enim
1410 2846 1609 2929 operis
1653 2846 1740 2909 rei
1783 2847 2065 2909 tractatio
2110 2845 2355 2931 pendet.

520 2962 757 3048 Scripta
800 2970 892 3027 est
937 2962 1225 3048 epistola,
1272 2970 1345 3027 ut
1388 2964 1521 3047 ipsa
1565 2964 1902 3049 profitetur,
1952 2986 2012 3048 p.
2063 2966 2191 3027 324
2238 2963 2291 3027 B
2309 3014 2328 3041 ,
2360 2986 2430 3027 eo

432 3081 684 3146 consilio
699 3132 717 3159 ,
780 3089 852 3145 ut
910 3104 1033 3166 qua
1090 3082 1323 3147 ratione
1369 3082 1489 3145 Dio
1535 3080 1678 3145 talis
1725 3081 2055 3165 aliquando
2101 3082 2192 3145 vir
2236 3082 2432 3147 factus

431 3206 613 3277 esset,
656 3200 895 3283 qualem
926 3208 1134 3285 postea
1163 3200 1289 3264 vita
1318 3207 1380 3265 et
1410 3199 1688 3264 doctrina
1719 3222 1782 3265 se
1814 3201 2118 3285 praestitit
2135 3250 2152 3277 ‚
2187 3223 2433 3286 appare-

429 3325 519 3382 ret
527 3344 546 3396 ;
581 3318 844 3381 ostendit
876 3324 1076 3383 autem
1100 3318 1165 3381 id
1189 3340 1328 3382 eum
1352 3325 1669 3404 acceptum
1691 3318 1973 3383 debuisse
1995 3318 2268 3383 Platonis
2293 3340 2432 3382 con-

322 3508 333 3518 ,
430 3436 741 3501 suetudini
798 3442 865 3527 'et
923 3435 1315 3499 institutioni.
1379 3459 1439 3520 p.
1488 3439 1611 3502 327
1663 3439 1739 3501 A.
1832 3435 2017 3516 Quod
2063 3444 2134 3500 ut
2181 3437 2428 3521 probet,

426 3555 671 3618 initium
732 3554 877 3619 facit
932 3576 966 3617 a
1025 3576 1148 3637 quo
1209 3562 1479 3637 tempore
1537 3555 1658 3618 Dio
1713 3555 1975 3640 primum
2036 3555 2102 3618 in
2155 3555 2428 3619 Platonis

424 3672 704 3736 notitiam
748 3671 946 3749 venit,
993 3671 1055 3734 h.
1104 3694 1155 3735 e.
1204 3694 1239 3735 a
1282 3672 1479 3757 primo
1518 3671 1704 3736 huius
1735 3672 2005 3737 adventu
2034 3672 2099 3737 in
2124 3672 2396 3753 ‚Siciliam
2408 3699 2427 3751 3

425 3791 567 3855 hinc
659 3790 857 3875 pergit
938 3790 1308 3874 exponendis
1388 3790 1761 3875 reliquorum
1829 3792 2119 3858 itinerum
2186 3792 2426 3856 casibus

427 3916 486 3973 et
543 3910 771 3973 eventis
787 3958 807 3987 ,
870 3907 1174 3992 quomodo
1229 3908 1518 3973 nimirum
1532 3958 1552 3987 ,
1599 3916 1738 3994 post
1792 3908 2048 3974 alterum
2097 3910 2425 3974 adventum

426 4027 777 4113 Syracusas,
842 4027 1100 4091 Dionem
1169 4027 1328 4091 inter
1396 4036 1457 4091 et
1516 4027 1878 4112 Dionysium
1933 4036 2133 4093 ortum
2183 4030 2262 4093 sit
2307 4029 2426 4093 dis-

426 4146 653 4211 cidium
672 4198 689 4221 ,
752 4144 917 4229 quod
977 4144 1154 4209 Plato
1202 4168 1342 4210 cum
1385 4168 1455 4209 eo
1500 4146 1634 4230 ipso
1681 4154 1950 4230 tempore
1997 4155 2132 4211 tum
2177 4157 2422 4232 postea,

425 4264 601 4327 tertio
661 4263 876 4327 itinere
947 4271 1227 4347 suscepto
1243 4313 1261 4340 ,
1326 4264 1552 4326 frustra
1611 4284 1968 4348 componere
2023 4272 2276 4329 conatus
2324 4267 2421 4331 sit.

2099 4384 2138 4440 9
2151 4382 2188 4419 0
