3092 5084
1441 444 1470 504 7

448 650 862 727 consentiunt,
896 650 1159 735 primum
1183 650 1387 715 locum
1411 657 1616 715 tenere
1639 649 1983 736 Epistolam
2006 647 2155 725 VII,
2190 647 2460 730 proxime

449 768 600 832 huic
661 768 939 832 accedere
1000 768 1105 831 III
1165 777 1226 832 et
1285 768 1476 848 VIII3
1541 791 1691 854 quas
1746 776 1867 832 tres
1923 765 2209 852 epistolas
2259 765 2459 828 Plato»

448 888 550 951 nis
618 886 1005 951 familiarium
1074 887 1258 950 alicui
1318 887 1585 952 tribuere
1645 910 1769 951 non
1832 885 2074 950 dubitat
2133 883 2417 966 Salomon
2438 933 2457 960 ,

448 1004 840 1069 Hermannus
902 1011 1263 1089 postremam
1325 1005 1569 1083 eximit,
1626 1027 1811 1089 quam
1858 1013 1892 1068 a
1936 1003 2177 1067 falsario
2223 1003 2461 1066 concin-

445 1130 658 1187 natam
727 1130 919 1208 putat.
1009 1122 1086 1186 In
1146 1129 1482 1187 ceterarum
1541 1122 1660 1187 fide
1722 1130 1783 1188 et
1828 1123 2022 1207 pretio
2070 1122 2459 1185 aestimandis

449 1241 812 1326 discrepant.
882 1242 1166 1306 Salomon
1210 1242 1515 1328 Epistolas
1546 1242 1660 1320 IV,
1694 1240 1789 1305 IX
1805 1291 1823 1320 ‚
1858 1241 1919 1304 X
1956 1241 2269 1325 anteponit
2317 1240 2460 1325 Epi-

447 1359 624 1422 stolis
667 1359 768 1438 II,
816 1359 942 1438 VI,
991 1360 1120 1438 XI,
1169 1359 1335 1438 XII,
1383 1359 1583 1439 XIII,
1633 1382 1783 1444 quas
1816 1359 2038 1445 pejoris
2069 1365 2251 1422 notae
2279 1359 2457 1423 aesti-

446 1493 612 1555 mat3
659 1477 1046 1543 Hei-mannus
1091 1487 1302 1543 contra
1345 1478 1498 1564 Epp.
1548 1477 1653 1556 H,
1687 1478 1767 1556 V,
1800 1478 1895 1541 VI
1939 1478 2186 1541 meliore
2218 1477 2293 1541 de
2324 1476 2456 1540 luto

447 1619 582 1660 esse
616 1596 854 1681 judicat
897 1619 1080 1680 quam
1126 1597 1222 1660 IX
1252 1603 1312 1660 et
1343 1596 1421 1660 X.
1471 1597 1745 1680 Uterque
1776 1619 1986 1661 eorum
2017 1596 2353 1681 Epistolam
2386 1595 2454 1674 I,

447 1713 736 1779 Salomon
805 1715 988 1779 etiam
1053 1714 1111 1776 V
1179 1737 1300 1779 non
1369 1715 1679 1793 Platonis,
1751 1713 1856 1778 sed
1925 1714 2143 1777 Dionis
2212 1714 2457 1777 nomine

449 1833 899 1902 inscribendam
944 1841 1149 1897 censet
1163 1861 1182 1912 3
1231 1832 1306 1898 de
1352 1856 1474 1917 quo
1520 1834 1695 1897 infra.

541 1951 726 2032 Quod
786 1952 862 2015 ad
923 1951 1052 2015 VII
1096 1951 1434 2036 Epistolam
1475 1951 1701 2016 attinet
1715 2001 1734 2029 ‚
1783 1952 1931 2015 haec
1978 1950 2053 2014 ab
2104 1949 2457 2013 Hermanno

447 2069 834 2155 praedicatur
891 2071 1129 2136 illustre
1186 2077 1651 2134 monumentum
1667 2119 1685 2148 ‚
1733 2071 1797 2134 in
1846 2091 1969 2152 quo
2013 2068 2287 2132 Platonis
2332 2069 2457 2131 vita

451 2195 518 2252 et
561 2188 875 2274 ingenium
920 2211 1057 2253 vere
1103 2197 1249 2253 sunt
1294 2211 1589 2276 expressa.
1631 2190 1674 2273 ¹)
1721 2187 1921 2251 Causa
1950 2209 2059 2251 cur
2090 2209 2221 2250 eam
2252 2193 2455 2250 tamen

453 2306 700 2370 Platoni
761 2306 1066 2392 abjudicat
1081 2357 1101 2386 ,
1171 2307 1374 2392 potius
1435 2313 1527 2371 est
1588 2306 1753 2392 quod
1814 2305 2201 2390 scriptionem
2261 2305 2455 2389 ipsius

453 2447 745 2510 personae
819 2426 1022 2489 minus
1099 2426 1609 2489 accommodatam
1625 2472 1643 2501 ,
1721 2446 1905 2508 quam
1975 2423 2139 2507 quod
2209 2423 2454 2508 ingenio

449 2543 770 2627 indignam
827 2550 1051 2607 censet.
1135 2524 1282 2607 Non·
1323 2550 1527 2607 tamen
1574 2542 1721 2606 satis
1765 2541 2085 2626 perspicua
2131 2549 2241 2606 aut
2286 2543 2458 2605 firma

451 2667 808 2744 argumenta
875 2661 1084 2724 attulit
1097 2709 1115 2739 ,
1184 2683 1312 2739 cur,
1385 2661 1437 2724 si
1504 2659 1777 2724 Platonis
1846 2645 2137 2745 personae
2198 2658 2455 2743 epistola

451 2801 666 2864 parum
710 2787 1111 2843 consentanea
1156 2779 1450 2843 habeatur
1460 2829 1478 2858 ,
1528 2779 1712 2842 alicui
1757 2779 2146 2842 familiarium
2192 2779 2321 2862 ejus
2352 2778 2458 2842 tri-

452 2896 710 2974 buatur,
775 2904 884 2961 aut
942 2898 992 2961 si
1052 2897 1238 2982 digna
1297 2897 1420 2960 sint
1463 2897 1752 2981 magistro
1800 2896 1991 2960 oratio
2039 2905 2100 2959 et
2142 2917 2473 2980 argumen-.

450 3020 587 3076 tum
600 3061 620 3090 ,
681 3035 792 3077 cur
848 3037 973 3112 non
1032 3014 1152 3098 ipsi
1196 2995 1412 3098 potius.
1449 3037 1631 3098 quam
1693 3013 1997 3099 discipulo
2057 3013 2454 3078 adscribatur.

455 3130 643 3194 Porro
705 3139 908 3196 autem
924 3182 942 3211 ,
1005 3133 1058 3195 si
1101 3133 1249 3197 haec
1295 3133 1553 3218 epistola
1595 3133 1840 3197 Platoni
1896 3132 2241 3196 vindicatur
2256 3181 2287 3221 ,ἱ
2323 3131 2459 3195 reli-

453 3271 714 3333 quarum
781 3249 1111 3314 nonnullae
1179 3258 1338 3316 certe
1404 3274 1528 3315 non
1596 3259 1837 3315 tantum
1908 3250 1982 3316 ab
2051 3250 2159 3314 illa
2228 3249 2458 3313 distant

455 3374 756 3451 quantum
800 3369 973 3432 nothi
1021 3376 1082 3433 et
1125 3370 1317 3454 spurii
1363 3369 1577 3433 fratres
1624 3393 1659 3432 a
1702 3391 2009 3453 germano,
2079 3367 2288 3449 Quare
2333 3390 2458 3431 non

452 3485 798 3570 mirande
857 3486 1012 3552 foret
1023 3536 1042 3565 ,
1091 3487 1142 3550 si
1186 3487 1354 3552 illius
1400 3494 1757 3572 argumenta
1800 3487 2029 3552 multos
2079 3487 2460 3572 impellerent

450 3747 642 3796 nomine
686 3747 827 3812 vulgo
860 3749 1105 3806 feruntur,
1139 3748 1274 3812 Spec.
1309 3747 1413 3798 crit.
1465 3747 1627 3796 Gissae
1664 3748 1809 3797 1828.
1876 3749 1979 3798 Hoc
2027 3753 2184 3798 tamen
2219 3749 2445 3813 opusculo

451 3840 569 3890 mihi
602 3841 676 3890 uti
705 3858 800 3890 non
823 3842 984 3901 licuit,
1013 3858 1099 3892 nec
1121 3843 1271 3907 magis
1292 3843 1440 3892 altera
1461 3841 1723 3891 Hermanni
1746 3843 2029 3908 scriptione,
2050 3843 2208 3892 Ueber
2231 3843 2443 3893 Platon's

450 3934 754 3986 Sehriftstell.
788 3937 986 3986 Motive.
1034 3936 1296 4001 Epistolam
1333 3937 1383 3985 ΙΙ
1415 3936 1671 4000 diligenter
1692 3937 1981 3987 examinavit
2011 3937 2267 4002 Wiegand,
2301 3938 2447 4002 Symb
2536 3939 2545 3946 “

452 4032 574 4082 erit.
608 4032 657 4081 in
691 4032 814 4082 Plat.
846 4033 936 4097 Ep.
973 4033 1037 4082 11.
1086 4033 1317 4082 Wormat.
1354 4034 1499 4082 1854.

516 4129 564 4189 l)
595 4128 819 4193 Appellat
861 4144 962 4177 eam
998 4128 1107 4188 „ein
1140 4127 1494 4179 authentisches
1526 4129 1797 4184 Document
1830 4129 1907 4180 fur
1942 4127 2123 4191 Plato's
2157 4133 2343 4178 ausser-e
2366 4129 2463 4196 und

449 4222 612 4274 iuuere
643 4222 1148 4289 Lebenegeschiehte.”
1180 4241 1228 4292 1>-
1261 4222 1372 4277 424.
