3092 5084
1368 505 1497 565 233

438 717 535 780 xx}
581 726 655 796 τῇ
698 716 995 806 ζτυρσιννίδι.
1088 711 1474 792 Quibuscum
1526 707 1889 774 conferenda
1933 713 2080 802 sunt
2121 728 2277 790 quae
2309 707 2448 769 scri-

444 833 531 897 bit
577 832 831 911 ibidem,
881 856 939 917 p.
991 833 1117 895 330
1170 830 1256 910 Β,
1306 832 1433 894 333
1498 830 1557 892 Α
1603 826 1689 906 Ο,
1759 834 1892 892 tum
1945 827 2012 890 in
2057 824 2254 910 Epist.
2303 822 2448 902 III,

314 1023 329 1030 ,
439 975 500 1037 p.
550 955 676 1016 315
738 951 827 1030 E,
890 975 921 1014 e
974 973 1098 1034 quo
1144 949 1278 1013 loco
1325 954 1577 1033 apparet
1629 945 2139 1011 calumniatorum
2197 944 2445 1009 illorum

443 1071 777 1156 principem
808 1069 1140 1134 Philistum
1168 1067 1377 1132 fuisse.
1425 1066 1541 1131 His
1574 1065 1854 1130 addenda
1883 1055 2030 1130 sunt
2053 1086 2209 1149 quac
2238 1063 2454 1149 legun-

439 1197 543 1254 tur
600 1189 797 1276 Epist.
860 1187 1023 1267 VII,
1084 1210 1145 1273 p.
1197 1189 1323 1251 349
1378 1185 1433 1250 Ε
1444 1235 1463 1265 ,
1518 1185 1630 1250 ubi
1674 1184 2008 1270 Dionysius
2064 1181 2310 1248 Platoni
2340 1184 2452 1247 'ex-

441 1307 722 1394 probrat:
785 1306 870 1373 ὅτι
929 1313 1121 1380 καλῶς
1175 1306 1402 1389 οὐδαμῇ
1449 1315 1626 1378 ποιεῖς
1672 1305 1868 1372 Δίωνα
1915 1303 2010 1368 καὶ
2056 1303 2190 1375 τοὺς
2238 1302 2447 1375 Δίωνος

440 1427 649 1511 φίλους
692 1428 783 1492 ἀεὶ
826 1425 953 1507 περὶ
991 1427 1245 1498 πλείονος
1284 1428 1461 1491 αὐτοῦ
1499 1424 1653 1510 (scil.
1693 1429 1793 1490 τοῦ
1840 1422 2152 1508 Διονυσίου)
2185 1421 2448 1500 ποιούμε-

442 1572 563 1619 νοςε
614 1545 780 1631 quod
824 1545 1085 1610 salutem
1129 1543 1347 1609 Dionis
1362 1593 1382 1622 ,
1431 1542 1806 1621 Heraclidis,
1852 1541 2184 1608 Theodotis
2229 1549 2453 1607 cetero-

440 1687 700 1751 rumque
758 1664 1001 1750 tyranni
1060 1663 1446 1729 inimicorum
1490 1662 1684 1748 magis
1731 1661 1902 1727 cordi
1961 1659 2212 1726 haberet
2264 1683 2447 1746 quam

440 1784 635 1870 ipsius
680 1783 1009 1848 amicitiam
1054 1789 1117 1847 et
1160 1781 1660 1847 incolumitatem.

530 1902 673 1968 Alia
716 1901 1116 1989 spargebatur
1156 1901 1499 1966 criminatio
1513 1951 1532 1980 ‚
1583 1899 1750 1985 quod
1779 1899 1956 1965 Plato
1987 1898 2282 1985 Dionysio
2313 1921 2448 1964 sua·

442 2019 611 2086 deret
654 2029 729 2086 ut
770 2020 1154 2106 imperiosius
1201 2043 1267 2084 se
1310 2027 1578 2106 gereret,
1627 1994 1918 2105 quodque
1963 2019 2020 2084 ei
2066 2018 2448 2084 dissuaderet

441 2139 508 2205 id
550 2139 753 2225 ipsum
797 2138 965 2224 quod
1009 2145 1219 2224 postea
1255 2137 1517 2204 Dionem
1563 2144 1638 2203 ut
1679 2125 1902 2203 fa'ceret
1945 2135 2225 2203 hortatus
2257 2144 2416 2202 esset
2431 2186 2449 2215 ,

441 2282 521 2324 ne
563 2258 805 2323 Siciliae
850 2257 1122 2324 civitates
1164 2258 1233 2323 in
1275 2257 1620 2324 libertatem
1664 2258 2014 2323 restitueret
2058 2258 2141 2343 (p.
2184 2259 2312 2322 315
2345 2255 2448 2342 D).
2511 2295 2519 2303 -

442 2377 543 2443 Ad
598 2378 757 2443 hanc
812 2377 1293 2443 criminationem
1338 2376 1723 2442 refutandam
1769 2377 1993 2463 scripta
2037 2384 2130 2442 est
2173 2376 2452 2463 Epistola

439 2495 574 2575 ΠΙ,
619 2495 763 2562 inde
809 2519 845 2560 a
874 2519 935 2582 p.
969 2498 1097 2561 319
1145 2498 1235 2574 A,
1285 2503 1348 2561 et
1392 2495 1644 2562 eandem
1689 2495 1767 2561 ob
1791 2496 2002 2561 oculos
2032 2495 2255 2561 habere
2284 2495 2450 2561 vide·

440 2623 545 2680 tur
574 2615 853 2702 Epistola
880 2613 1043 2694 VII,
1090 2639 1152 2704 p.
1200 2617 1328 2680 332
1374 2613 1429 2678 E
1444 2664 1463 2695 ,
1512 2614 1622 2680 ubi
1666 2615 1844 2680 Plato
1891 2614 2041 2680 dicit
2083 2623 2344 2701 tyranno
2383 2637 2446 2679 sc

438 2734 796 2813 ostendisse,
828 2734 895 2802 id
913 2735 1183 2827 maxime·
1198 2734 1584 2816 salutiferum
1614 2735 1772 2813 fore,
1796 2735 1846 2800 εἰ
1867 2735 1980 2806 &aa
2003 2732 2448 2812 ἐξηρημωμένας

443 2853 717 2938 Σικελίας
749 2854 947 2926 πόλεις
982 2854 1323 2920 xxa-omlnes
1362 2855 1548 2931 νόμοις
1579 2878 1649 2919 τε
1669 2853 1956 2932 ξυνδήσειε
1977 2853 2076 2919 καὶ
2108 2855 2447 2926 πολιτείαις.

532 2971 817 3037 Ceterum
862 2971 1117 3037 discidia
1163 2981 1224 3037 et
1256 2973 1461 3058 jurgia
1490 2972 1808 3038 Platonem
1839 2973 1998 3038 inter
2032 2981 2096 3038 et
2123 2979 2450 3058 tyrannum

442 3113 564 3156 non
608 3074 771 3156 intra
811 3092 1013 3177 regiae
1056 3093 1313 3185 parietes
1360 3099 1647 3158 contenta
1691 3093 1878 3158 fuisse
1895 3142 1914 3170 ,
1960 3091 2068 3157 sed
2111 3092 2178 3158 in
2222 3093 2447 3178 vulgus

440 3210 631 3290 elata,
677 3232 869 3295 eaque
912 3212 1127 3277 multis
1154 3212 1503 3278 rumoribus
1526 3235 1736 3278 ausam
1765 3212 2036 3292 dedisse,
2071 3235 2212 3278 cum
2241 3235 2349 3298 per
2383 3235 2449 3278 se

442 3328 729 3395 credibile
788 3307 881 3396 est
894 3380 914 3409 ,
983 3338 1119 3396 tum
1163 3330 1391 3397 indicio
1437 3340 1531 3398 est
1577 3331 1744 3417 quod
1789 3354 1826 3396 a
1871 3331 2204 3397 Plutarcho
2247 3355 2449 3396 narra-

441 3455 547 3512 tur
590 3449 655 3513 in
697 3448 917 3514 Timol.
950 3471 1003 3515 c.
1042 3452 1141 3514 15.
1202 3449 1492 3537 Legimus
1537 3451 1626 3516 ibi
1670 3451 2107 3524 Aristoxenum
2151 3450 2255 3516 καί
2287 3475 2449 3524 τινας

443 3565 695 3644 ἄλλους,
752 3590 877 3653 quo
936 3575 1209 3656 tempore
1270 3568 1448 3634 Plato
1503 3571 1634 3656 jam
1694 3569 1855 3635 diem
1911 3569 2177 3647 obierat,
2227 3569 2454 3654 Diony·

442 3685 602 3752 sium
670 3685 950 3752 Corinthi
1011 3687 1391 3753 exsulantem
1444 3688 1664 3753 adiisse
1725 3695 1787 3754 et
1839 3711 1913 3753 ex
1980 3709 2051 3753 eo
2113 3687 2450 3753 sciscitatos

444 3827 608 3870 csse:
654 3803 847 3872 ὅποθεν
888 3808 1051 3887 αὐτῷ
1088 3807 1187 3871 καὶ
1234 3807 1323 3881 τίς
1364 3811 1398 3885 ἧ
1442 3781 1580 3889 πρὸξ
1622 3808 1919 3874 Πλάτωνα
1949 3805 2167 3885 γένοιτο
2196 3806 2446 3887 μέμψις.

444 3923 687 4006 Quibus
731 3924 839 3990 ille
883 3925 1266 4011 respondisse
1312 3925 1524 4005 fertur,
1575 3926 1963 3991 adulatorum
1994 3923 2454 3992 machinationi·

443 4042 559 4108 bus
606 4065 670 4106 se
716 4043 917 4108 fructu
937 4092 957 4121 ,
1021 4038 1202 4128 quem
1252 4044 1558 4130 percipere
1609 4068 1642 4109 e
1687 4043 1963 4109 Platonis
2010 4044 2452 4110 consuetudine

444 4139 743 4248 potuisset
756 4211 775 4240 ‚
823 4162 1188 4228 destitutum
1231 4186 1379 4228 esse.

532 4277 753 4362 Neque
826 4280 1173 4346 mirandum
1232 4281 1286 4347 si
1344 4282 1598 4348 fuerunt
1650 4283 1758 4368 qui
1818 4281 2064 4348 Platoni
2122 4283 2187 4348 id
2245 4283 2449 4370 ipsum
