3092 5084
1382 518 1503 578 217

426 725 737 805 γροὲψοιντο
770 725 850 788 τοὶ
876 725 1081 804 ῥηθέντ’
1122 724 1584 799 αἰνιγματωδῶς,
1609 726 1682 793 ὡς
1704 725 1917 803 ἔῤῥήθη.
1941 725 1985 806 ¹)
2031 722 2168 785 Illis
2199 744 2342 785 vero
2365 723 2453 785 in·

428 843 797 926 terpretibus
840 841 1207 924 antiquitate
1246 841 1509 905 multum
1545 847 1856 926 praestant
1885 839 2233 925 Epistolae3
2268 863 2458 924 quare

431 948 645 1044 operae
701 962 960 1045 pretium
1016 969 1107 1024 est
1156 960 1461 1043 inquirere
1532 959 1684 1043 quid
1729 959 1870 1023 fidei
1916 959 2132 1024 harum
2189 960 2458 1023 testimo-

432 1081 534 1143 nio
582 1081 663 1144 sit
705 1079 1079 1144 habendum.
1174 1077 1320 1142 Non
1386 1089 1477 1142 est
1530 1086 1730 1143 autem
1782 1078 1968 1142 huius
2015 1078 2135 1142 1οοί
2146 1127 2164 1156 ,
2215 1100 2454 1142 omnem

338 1253 343 1258 .
434 1199 590 1262 lianc
636 1198 1054 1282 quaest-ionem
1073 1247 1091 1274 ‚
1144 1219 1297 1282 opus
1346 1196 1589 1261 difficile
1636 1205 1697 1260 et
1727 1197 1989 1261 arduum
2007 1247 2024 1274 ,
2059 1205 2454 1282 pertractare;

434 1325 755 1380 contentus
818 1338 919 1380 ero
939 1366 955 1393 ,
1023 1315 1187 1399 quod
1249 1315 1561 1400 proposito
1622 1338 1756 1379 meo
1819 1315 2078 1393 sufficit,
2135 1315 2456 1379 afferendis

433 1436 507 1498 iis
570 1457 725 1518 quae
780 1434 942 1519 apud
990 1434 1485 1518 antiquissimum
1533 1441 1751 1497 testem
1767 1484 1784 1510 ‚
1841 1431 2232 1498 Aristotelem
2282 1433 2418 1498 dico
2435 1484 2452 1512 ‚

434 1554 508 1631 de
554 1553 849 1634 οὶγροὲφοις
903 1553 1025 1617 illis
1071 1561 1505 1618 memorantur.

524 1671 767 1736 Primus
807 1672 905 1735 hic
940 1673 1007 1736 in
1044 1693 1294 1736 censum
1318 1672 1485 1735 venit
1510 1670 1683 1735 loeus
1709 1670 2058 1735 Aristotelis
2082 1671 2266 1754 Phys.
2285 1670 2398 1748 IV,
2417 1673 2453 1733 2

438 1817 495 1877 p.
570 1794 695 1854 209
762 1791 836 1854 Β.
930 1790 1155 1856 Brand.
1175 1839 1193 1868 ,
1244 1791 1351 1856 ubi
1398 1789 1474 1854 de
1524 1791 1723 1875 spatio
1772 1790 2028 1874 loquens
2075 1791 2224 1854 haec
2273 1789 2454 1854 dicit:

438 1909 689 1976 Πλάτων
743 1911 845 1984 τὴν
902 1907 1039 1985 ὕλην
1100 1911 1198 1974 καὶ
1260 1911 1361 1983 την
1419 1911 1618 1990 χώραιν
1687 1909 1872 1974 τοιύτό
1940 1919 2117 1990 φησιν
2186 1905 2327 1972 εἶναι
2389 1911 2458 1974 ἐν

435 2033 514 2108 τῷ
577 2030 844 2110 Τιμαίῳ·
906 2030 972 2094 τὸ
1034 2031 1153 2109 γὰρ
1214 2035 1657 2107 μεταληπτικὸν
1721 2031 1819 2094 καὶ
1867 2031 1970 2103 τὴν
2017 2030 2211 2108 χώραν
2256 2027 2312 2092 ἓν
2357 2028 2457 2092 καὶ

436 2148 688 2212 ταύτόν·
754 2146 944 2212 ἄλλον.
994 2147 1053 2211 δὲ
1114 2149 1319 2228 τρόπον
1382 2149 1503 2211 ἐκεῖ
1540 2149 1628 2212 ’τε
1674 2148 1865 2225 λέγων
1910 2147 1978 2212 τὸ
2022 2147 2461 2224 ,μεταληπτικὸν

439 2267 536 2330 καὶ
598 2267 655 2330 ἐν
711 2273 856 2338 τοῖς
901 2265 1319 2342 λεγομένοις
1370 2264 1740 2346 ἀγράφοις
1794 2266 2174 2344 δόγμασιν.
2237 2264 2460 2342 „Plato

438 2385 747 2449 materiem
797 2392 857 2448 et
902 2385 1169 2468 spatium
1216 2383 1379 2448 idem
1428 2407 1557 2448 esse
1604 2383 1755 2449 dicit
1801 2385 1865 2448 in
1904 2384 2188 2448 Timaeo:
2221 2407 2360 2447 nam
2393 2384 2458 2448 τὸ

437 2505 878 2579 μεταληπτικὸν
942 2513 1001 2567 et
1063 2503 1332 2588 spatium
1378 2526 1574 2568 unum
1623 2504 1910 2588 idemque
1958 2503 2139 2568 dicit:
2191 2512 2458 2568 ceterum

440 2620 555 2685 hoe
614 2619 977 2685 vocabulum
1040 2621 1476 2697 μεταληπτικὸν
1516 2621 1637 2684 alio
1685 2643 1869 2685 sensu
1913 2622 1980 2685 in
2024 2621 2271 2686 Timaeo
2286 2671 2305 2699 ,
2340 2611 2460 2684 alio

438 2741 501 2804 in
541 2747 657 2810 τοῖς
703 2739 994 2820 οὶγροὶφοις
1038 2740 1353 2825 usurpat.''
1380 2740 1429 2823 2)
1505 2739 1700 2804 Addit
1739 2748 1856 2811 τοῖς
1898 2739 2230 2818 λεγομένοις
2249 2791 2266 2816 ,
2308 2739 2458 2823 quid

442 2859 555 2924 hoe
617 2858 959 2944 significat?
1021 2881 1171 2922 num
1238 2859 1385 2922 hoe:
1452 2856 1601 2944 qu'ae
1659 2861 1933 2923 Platonis
1977 2882 2096 2923 esse
2130 2860 2457 2943 seruntur,

439 3001 551 3042 non
598 2987 785 3042 tamen
830 2987 965 3041 sunt
982 2978 1015 3040 ?
1062 3000 1140 3041 an
1184 2978 1421 3062 potius:
1470 3001 1617 3063 quae
1660 2980 1764 3042 boc
1809 2979 1980 3042 titulo
2020 2978 2414 3042 inscribuntur
2434 3029 2450 3056 ,

442 3120 565 3181 quo
606 3096 910 3161 indicetur
941 3076 1224 3180 dogmata
1255 3097 1374 3161 ista
1402 3119 1524 3160 non
1542 3147 1562 3174 ,
1601 3105 1668 3160 ut
1709 3097 2014 3182 dialogOS,
2048 3097 2124 3162 ab
2156 3096 2289 3180 ipso
2321 3096 2459 3161 Pla-

444 3226 583 3280 tone
629 3216 821 3280 literis
866 3215 1152 3281 mandata
1200 3223 1259 3280 et
1304 3216 1552 3300 vulgata
1598 3239 1723 3280 esse
1741 3267 1758 3293 ‚
1809 3216 1913 3281 sed
1947 3216 2022 3281 ab
2053 3217 2188 3280 aliis
2221 3239 2292 3280 ex
2326 3217 2455 3280 eius

512 3548 556 3608 l)
592 3547 819 3594 Veterum
866 3545 1183 3610 interpretum
1219 3547 1349 3595 locos
1382 3549 1439 3596 de
1474 3548 1564 3596 hoc
1599 3553 1880 3612 argumento
1916 3548 2110 3612 collegit
2145 3553 2194 3597 et
2227 3548 2459 3612 explicuit

446 3642 723 3691 Brundisina
772 3641 819 3689 in
870 3641 1084 3689 Distribe
1139 3642 1197 3691 de
1242 3642 1441 3707 perditis
1476 3643 1676 3691 Aristot.
1725 3642 1834 3692 libr.
1881 3644 1938 3691 de
1975 3644 2102 3692 Ideis
2137 3647 2186 3692 et
2217 3643 2274 3694 de
2319 3644 2458 3693 Bono

446 3739 683 3799 (Bonuae,
723 3738 892 3798 1813„
928 3739 1206 3787 retractavit
1240 3738 1652 3803 Trendelenburg‚
1687 3739 1873 3788 Platon.
1906 3740 1964 3788 de
2011 3740 2137 3788 Ideis
2185 3744 2234 3790 et
2268 3742 2326 3790 de
2359 3738 2459 3790 Nu·

445 3834 587 3884 meris
621 3834 773 3882 doctr.
809 3849 864 3882 ex
899 3834 1101 3882 Aristot.
1134 3835 1379 3883 illustrata
1414 3835 1646 3899 (Lipsiae,
1686 3834 1852 3896 1826).
2092 3834 2099 3842 '

510 3931 558 3990 1)
594 3929 786 3992 Spectat
818 3929 978 3978 locum
1018 3931 1227 3979 Platonis
1262 3929 1470 3988 Timaei,
1505 3945 1553 3993 p.
1589 3909 1816 3989 484-51,
1852 3947 1992 3994 quem
2025 3946 2168 3994 supra
2189 3931 2351 3996 attigi,
2379 3931 2460 3981 ubi

446 4024 662 4088 loquitur
693 4025 750 4073 de
785 4026 1073 4083 materie,
1111 4040 1254 4089 quam
1289 4031 1427 4074 vocat
1458 4035 1649 4098 μητέρα
1683 4031 1764 4079 τοῦ
1794 4031 2034 4090 αἰσθητοῦ,
2067 4042 2186 4090 quae
2220 4026 2347 4075 ideas
2382 4029 2463 4087 (τὰ

448 4125 601 4180 νοητὰ)
635 4119 683 4167 in
721 4136 780 4193 ses
803 4121 1003 4186 suscipit
1038 4126 1086 4169 et
1120 4120 1188 4170 ita
1221 4127 1282 4170 τὰ
1319 4123 1471 4190 ὁρατὰ
1503 4126 1734 4185 procreat.
1805 4121 1995 4171 Dicitur
2029 4121 2110 4171 illa
2143 4124 2464 4189 μεταλαμβά-

450 4235 534 4266 νειν
578 4221 658 4267 τοῦ
698 4221 851 4272 νοητοῦ
898 4222 967 4280 (p.
1014 4215 1073 4266 51
1120 4219 1209 4277 A),
1260 4217 1383 4265 unde
1416 4217 1474 4266 ab
1510 4218 1766 4266 Aristotele
1803 4223 1998 4267 vocatur
2029 4223 2084 4270 τὸ
2116 4222 2463 4281 pez-alumnam.

453 4312 633 4360 Locum
667 4311 940 4360 Aristotelis
974 4312 1128 4376 tangit
1160 4311 1463 4371 Brundisinis,
1495 4329 1543 4376 p.
1580 4311 1641 4360 25
1677 4329 1780 4376 sqq.
