3092 5084
1424 511 1545 571 149

474 714 597 790 IV,
662 738 720 799 p.
790 718 823 778 7
834 720 913 779 09
974 714 1201 792 Β--Ε,
1265 717 1386 779 719
1448 716 1501 777 A
1558 714 1626 778 G.
1721 714 1890 795 Quid
1939 722 2145 779 autem
2192 715 2308 779 sibi
2355 715 2488 779 vult

470 832 627 898 illud
694 833 1004 913 μυριάνδρῳ
1071 833 1280 897 πόλειΡ
1370 831 1566 912 Quasi
1626 833 1727 897 hic
1789 842 2004 918 agatur
2051 834 2127 897 de
2172 832 2488 911 condenda

470 973 626 1015 nova
670 951 947 1029 civitate,
997 951 1237 1035 qualem
1281 951 1459 1015 Plato
1504 953 1567 1015 in
1615 950 1953 1037 Republica
1981 953 2183 1031 finxit,
2217 952 2326 1016 ubi
2364 952 2490 1015 lici-

468 1078 600 1135 tum
641 1079 875 1139 certum
915 1071 1253 1137 incolarum
1283 1094 1607 1136 numerum
1639 1071 1921 1150 definire,
1971 1072 2152 1136 sicuti
2184 1071 2260 1135 de
2289 1070 2483 1156 Legg.

471 1190 560 1268 V,
622 1214 681 1276 p.
749 1192 870 1255 737
893 1240 911 1267 ,
972 1191 1231 1275 exempli
1276 1191 1471 1275 gratia
1515 1214 1734 1256 novam
1781 1192 2086 1256 civitatem
2132 1192 2310 1275 fingit
2357 1215 2489 1255 πεν-

467 1310 849 1389 τακισχιλίων
889 1308 985 1373 xx)
1036 1308 1473 1391 verrxpdxovrx
1520 1310 1858 1375 hominum.
1910 1312 1994 1373 At
2041 1310 2245 1395 agitur
2292 1308 2366 1373 de
2399 1332 2488 1372 or-

468 1427 735 1492 dinanda
754 1427 1069 1514 republica
1090 1427 1430 1511 SyracusiS,
1459 1428 1782 1512 Agrigenti
1804 1429 1991 1511 inque
2015 1427 2230 1491 ceteris
2248 1427 2486 1491 Siciliae

465 1546 753 1624 urbibus,
818 1568 973 1629 quae
1031 1546 1308 1631 singulae
1354 1546 1581 1610 multas
1627 1545 1912 1626 μυριάδας
1962 1546 2302 1610 incolarum
2350 1567 2489 1609 con·

461 1664 757 1729 tinebant.
852 1663 927 1727 Id
972 1664 1158 1749 igitur
1203 1664 1385 1750 plane
1431 1664 1727 1729 absonum
1775 1674 1886 1729 est.
1972 1664 2284 1729 Numerus
2331 1664 2488 1743 μυρί·

461 1784 651 1863 ανδρος
720 1782 915 1847 factus
933 1833 949 1859 ,
1024 1784 1268 1868 opinor,
1340 1784 1417 1847 ad
1508 1783 1976 1847 similitudinem
2045 1784 2175 1847 eius
2245 1784 2354 1869 qui
2419 1783 2486 1848 in

459 1902 721 1966 Politico
768 1901 985 1980 datur,
1034 1925 1095 1987 p.
1144 1904 1271 1964 292
1322 1900 1373 1963 E
1394 1951 1411 1979 ‚
1439 1900 1546 1965 ubi
1570 1900 1844 1965 Socrates
1877 1902 2149 1985 quaerit:
2197 1903 2339 1967 ἀλλ’
2369 1894 2486 1982 ἄρα

460 2024 517 2086 ἐν
559 2020 868 2102 χιλιοὶνδρῳ
920 2019 1083 2085 πόλει
1131 2021 1366 2085 δυνατὸν
1414 2020 1616 2085 ἑκατόν
1645 2044 1836 2093 τινας
1899 2021 1932 2096 ἢ
1980 2021 2079 2085 καὶ
2125 2022 2484 2096 πεντήκοντα

461 2143 639 2216 αὐτὴν
710 2140 1049 2224 (scientiam
1128 2140 1461 2225 politicam)
1529 2140 1735 2211 ἱκανῶς
1819 2140 2179 2218 κτήσαισθαιις
2276 2138 2486 2220 Quum

460 2258 786 2338 χιλίανδρος
850 2260 1018 2329 πόλις
1083 2267 1292 2321 nostro
1355 2258 1633 2342 scriptori
1696 2280 1914 2344 parum
1972 2257 2275 2322 sufficiens
2323 2258 2486 2321 vide-

461 2384 664 2454 retur,
726 2376 903 2440 finxit
961 2376 1307 2456 μυρίανδρον.
1416 2374 1703 2440 Ceterum
1765 2376 1974 2440 eadem
2054 2398 2209 2460 quae
2247 2376 2356 2439 ‘hic
2404 2375 2486 2440 le-

462 2502 696 2580 guntur
774 2494 1027 2558 consilia
1092 2495 1333 2579 plenius
1380 2501 1441 2559 et
1500 2494 1880 2559 enucleatius
1939 2503 2355 2559 memorantur
2416 2495 2485 2559 in

460 2614 657 2701 Epist.
706 2612 903 2692 VIII,
953 2637 1011 2699 p.
1061 2615 1226 2691 3563
1274 2612 1350 2677 de
1396 2614 1620 2698 quibus
1668 2613 1825 2678 infra
1868 2612 2045 2677 nobis
2099 2614 2214 2677 erit
2255 2612 2477 2698 agendi

460 2734 653 2797 locuS.

550 2852 869 2917 Praeterea
927 2852 992 2915 in
1053 2850 1313 2936 legenda
1370 2851 1484 2915 hac
1546 2849 1803 2937 epistola
1858 2849 2015 2914 illud
2079 2873 2324 2935 quoque
2368 2873 2483 2915 nos

463 2970 752 3049 offendit,
817 2969 985 3056 quod
1028 2970 1205 3035 Plato
1233 2971 1317 3034 ‘in
1364 2971 1532 3034 omni
1579 2970 1936 3034 commercio
1987 2992 2125 3033 cum
2188 2969 2483 3053 Dionysio

464 3091 652 3177 magis
714 3097 1168 3175 procuratorem
1229 3089 1446 3153 Dionis
1516 3110 1700 3173 quam
1762 3088 2186 3174 philosophiae
2247 3088 2482 3152 antisti·

466 3216 589 3272 tem
636 3207 798 3293 agit;
857 3208 944 3271 ita
990 3206 1289 3271 sollicitus
1338 3214 1429 3271 est
1476 3205 1552 3270 de
1598 3205 2014 3292 recuperanda
2057 3206 2240 3269 huius
2287 3228 2352 3269 re
2401 3205 2484 3295 fia-

465 3326 719 3403 miliari,
779 3333 853 3390 ut
896 3325 1377 3412 philosophiam,
1426 3326 1602 3390 cuius
1649 3325 1846 3409 gratia
1889 3325 2277 3410 potissimum
2324 3323 2486 3389 illud

464 3444 582 3509 iter
626 3450 986 3528 susceperat,
1034 3466 1225 3528 paene
1270 3442 1501 3508 oblitus
1554 3441 1850 3506 videatur.
1944 3441 2142 3507 Omne
2183 3444 2307 3507 fere
2337 3452 2486 3508 tem-

467 3585 584 3648 pus
634 3562 853 3627 teritur
891 3561 1111 3646 jurgiis
1158 3570 1220 3625 et
1265 3560 1535 3625 discidiis
1552 3610 1570 3639 ,
1635 3584 1790 3644 quae
1837 3562 2214 3645 gravioribus
2265 3584 2483 3625 sermo·

464 3678 647 3743 nibus
714 3678 957 3742 nullum
1025 3677 1382 3763 relinquunt
1449 3677 1674 3742 locum.
1784 3676 1956 3742 Num
2023 3678 2140 3742 hoc
2208 3678 2484 3743 Platonis

465 3820 757 3883 personae
802 3806 863 3861 et
907 3796 1179 3861 moribus
1226 3796 1743 3861 consentaneum?
1811 3795 1983 3862 Num
2031 3796 2316 3862 credibile
2349 3820 2484 3862 eum

466 3914 650 3979 semel
696 3915 1054 4000 iterumque,
1088 3922 1179 3978 tot
1212 3937 1447 3979 menses
1480 3914 1546 3978 in
1577 3914 1934 3979 huiusmodi
1962 3915 2220 3980 miseriis
2254 3916 2483 3979 bonum

467 4033 661 4097 otium
707 4031 955 4118 perdere
1002 4031 1310 4097 voluisse?
1811 4005 1828 4023 ³

558 4270 726 4337 Haec
786 4269 862 4334 de
922 4269 1196 4337 Platonis
1255 4269 1577 4339 itineribus
1637 4271 1701 4339 in
1762 4269 2031 4339 Siciliam
2091 4270 2290 4362 deque
2347 4271 2478 4340 eius
