3092 5084
1383 464 1504 525 111

438 679 509 734 ut
574 670 831 735 consilia
893 694 928 734 a
994 693 1059 735 se
1118 670 1263 747 data
1323 671 1489 735 omni
1551 692 1666 757 ope
1711 670 1974 737 efficiant
1991 722 2011 751 ‚
2060 671 2157 737 his
2217 671 2450 736 verbist

435 793 519 867 μη
577 792 918 866 ἀποστῆτε,
976 790 1105 871 πρὶν
1162 789 1235 855 ἂν
1294 792 1377 855 τά
1438 796 1533 855 νῦν
1595 791 1700 871 ὑφ’
1757 792 1915 867 ἡμῶν
1967 789 2266 872 λεχθέντα
2317 786 2386 855 οἵ
2384 814 2453 855 ον

435 910 774 989 ὀνείρατα
850 910 1003 975 θεῖα
1072 907 1479 973 ἐπιστάντα
1546 909 2038 993 ἐγρηγορόσιν,
2107 912 2322 990 ἐναργῆ
2386 934 2456 975 τε

435 1026 823 1107 ἐξεργάσησθε
867 1026 1213 1093 τελεσθέντα
1256 1026 1355 1091 καὶ
1399 1030 1626 1108 εὐτυχῆ
1637 1062 1662 1101 ·‚
1695 1029 1918 1105 „nolite
1935 1030 2114 1111 prius
2143 1029 2417 1093 desistere
2431 1078 2449 1107 ‚

434 1169 603 1231 quam
643 1169 717 1210 ea
760 1164 908 1231 'quae
950 1168 989 1209 a
1030 1146 1195 1209 nobis
1238 1146 1397 1209 dicta
1439 1152 1578 1209 eunt
1592 1194 1610 1222 ,
1658 1146 1813 1211 siout
1857 1147 2056 1211 divina
2101 1148 2324 1211 somnia
2369 1149 2455 1212 vi-

429 1264 752 1346 qilantibus
810 1265 1140 1341 adstantia,
1200 1264 1514 1350 manufesta
1565 1264 1803 1347 impleta
1847 1266 2219 1329 reddideritis
2262 1271 2320 1330 et
2345 1267 2453 1352 fe-

433 1381 633 1446 Ma?
710 1380 879 1462 Quid
938 1390 1085 1445 sunt
1142 1381 1588 1468 sesquipedalia
1633 1382 1850 1460 verba,
1897 1383 2018 1447 nisi
2063 1382 2212 1447 haec
2259 1384 2450 1449 sunt?

520 1502 613 1565 Ut
672 1510 878 1567 autem
936 1504 1002 1567 in
1064 1503 1373 1588 superiore
1434 1503 1722 1587 epistola,
1783 1503 1874 1566 ita
1932 1503 1998 1567 in
2043 1504 2158 1567 hac
2205 1526 2452 1589 quoque

430 1620 713 1704 frequens
776 1627 869 1684 est
926 1621 1186 1685 imitatio
1246 1620 1521 1685 Platonis
1583 1628 1706 1685 tam
1762 1621 1828 1685 in
1887 1621 2086 1686 verbis
2155 1644 2339 1707 quam
2385 1623 2452 1687 in

428 1738 609 1802 rebus
656 1748 717 1801 et
762 1739 1078 1803 sententiis
1094 1789 1114 1817 ‚
1163 1739 1342 1803 euius
1388 1740 1626 1823 generis
1674 1738 1973 1824 quaedam
2021 1763 2324 1825 apponere
2356 1741 2450 1806 lu-

428 1857 531 1921 bet
578 1864 905 1941 antequam
949 1859 1196 1922 missam
1240 1858 1457 1923 faciam
1504 1858 1660 1922 hano
1707 1859 2047 1942 epistolam.
2142 1858 2440 1945 Exemplo

431 1975 511 2037 sit
555 1974 727 2038 locus
775 1997 956 2058 quem
1000 1973 1183 2038 modo
1228 1975 1409 2059 attigi
1454 1998 1512 2060 p.
1563 1978 1692 2039 354
1739 1975 1827 2054 B,
1877 1975 1987 2040 ubi
2032 1976 2182 2041 haee
2221 1977 2296 2041 de
2327 1976 2445 2062 Ly-

432 2114 654 2178 curgo:
702 2092 761 2165 34.-
806 2094 930 2160 ἰδὼν
972 2096 1037 2159 τὸ
1082 2101 1191 2159 τῶν
1234 2096 1442 2158 οἰκείων
1487 2095 1648 2171 γένος
1695 2097 1753 2159 ἐν
1785 2094 1992 2175 ’Άργει
2030 2096 2128 2159 καὶ
2168 2098 2446 2177 Μεσσήνη

431 2214 495 2275 ἐκ
538 2212 833 2289 βασίλεων
879 2215 957 2284 εἷς
1004 2213 1283 2293 τυράννων
1330 2188 1578 2290 δύναμιν,
1620 2213 2003 2293 άφικομένους
2049 2214 2145 2277 καὶ
2193 2214 2446 2293 διαφθεί-

428 2354 643 2409 ραντας
694 2332 929 2403 ἑαυτούς
976 2356 1041 2395 τε
1088 2331 1186 2395 καὶ
1232 2332 1337 2405 την
1385 2330 1550 2395 πόλιν
1599 2332 1720 2395 κτέ.
1786 2330 2089 2415 Expressa
2120 2331 2266 2395 haee
2299 2342 2446 2395 sunt

432 2472 465 2512 6
494 2449 651 2513 libro
684 2449 759 2514 de
790 2448 978 2533 Legg.
1009 2448 1132 2527 III,
1159 2472 1219 2534 p.
1252 2452 1375 2512 690
1403 2449 1483 2527 D,
1510 2449 1617 2513 ubi
1643 2448 1851 2527 Plato,
1878 2458 2202 2534 postquam
2234 2449 2446 2514 docuit

428 2569 677 2653 quinam
724 2570 1117 2653 magistratus
1163 2575 1224 2631 et
1270 2568 1572 2652 quomodo
1621 2568 1866 2633 creandi
1898 2569 2022 2633 sint
2038 2619 2056 2647 ‚
2091 2570 2176 2633 ita
2209 2570 2438 2655 pergit:

428 2694 643 2766 πρῶτον
688 2688 747 2750 δὲ
791 2687 918 2765 μεθ’
962 2691 1119 2763 ἡμῶν
1164 2686 1499 2767 άνάσκεψαι
1546 2694 1668 2759 πῶς
1706 2712 1772 2753 τε
1812 2690 1908 2752 καὶ
1943 2688 2006 2754 τί
2042 2689 2206 2768 παρὰ
2244 2694 2441 2753 ταῦτα

426 2804 859 2885 ἁμαρτάνοντες
917 2806 963 2870 οἱ
1020 2806 1149 2883 περί
1186 2808 1240 2868 τ’
1279 2805 1499 2886 ’‘Ap-700
1543 2805 1644 2870 καὶ
1681 2807 1992 2880 Μεσσήνην
2031 2806 2302 2883 βασιλεῖς
2345 2807 2444 2869 αὑ-

425 2924 558 2995 τοὺς
632 2921 769 3000 ἅμα
836 2924 937 2987 καὶ
994 2926 1097 2999 την
1154 2930 1265 2988 τῶν
1324 2926 1614 2999 Ἐλλήνων
1673 2925 1914 3003 δύναμιν
1939 2976 1954 2991 .
1983 2975 1997 2990 .
2028 2976 2043 2990 .
2107 2926 2440 3006 διέφθειραν.

428 3040 979 3127 Epistolographus
1050 3064 1161 3126 pro
1222 3044 1325 3116 τὴν
1386 3044 1676 3115 Ἑλλήνων
1733 3043 1974 3119 δύναμιν
2035 3043 2277 3127 scripsit
2337 3045 2441 3115 την

426 3160 625 3242 πόλιν,
688 3181 903 3244 parum
967 3168 1137 3243 apte,
1200 3180 1387 3243 quum
1450 3159 1525 3223 de
1573 3159 1810 3225 duabus
1857 3159 2208 3225 civitatibus
2257 3162 2437 3224 unius

425 3278 626 3363 gentis
684 3300 879 3342 sermo
943 3278 1055 3355 sit,
1120 3279 1301 3363 Argis
1362 3287 1423 3342 et
1468 3279 1786 3344 Messene·
1857 3278 2190 3363 Sequentia
2235 3289 2438 3343 autem

426 3396 573 3460 ibid.
623 3395 715 3460 D:
764 3398 849 3473 μή
895 3421 1039 3463 ποτε
1084 3398 1391 3479 ἀπληστίᾳ
1436 3398 1754 3478 ἐλευθερίοις
1793 3398 2031 3478 άκαίρου
2077 3398 2223 3471 τινὸς
2269 3401 2348 3470 εἰς
2371 3399 2439 3462 τὸ

425 3521 535 3579 τῶν
580 3515 863 3595 προγόνων
908 3515 1135 3593 νόσημα
1183 3515 1266 3598 (11.
1316 3538 1367 3579 6.
1415 3515 2226 3601 ῒγ1611111116111)-ἐμπέσωσιν,
2277 3514 2303 3580 ὃ
2344 3516 2438 3581 δια

424 3636 527 3709 τὴν
572 3634 737 3710 ἄγαν
781 3634 1070 3714 άναρχίαν
1114 3635 1162 3698 οἱ
1206 3632 1327 3699 τότ’
1374 3635 1580 3699 ἔπαθον
1597 3686 1615 3711 ,
1661 3635 1892 3715 άμέτρῳ
1939 3636 2256 3715 ἐλευθερίας
2290 3635 2442 3715 χρώ·

423 3777 576 3829 μενοι
622 3753 779 3831 ἔρωτι
796 3768 839 3831 ,“
863 3752 928 3815 111
972 3757 1239 3816 mentem
1282 3759 1568 3817 revocant
1613 3752 2062 3817 nobilissimum
2108 3753 2312 3817 locum
2361 3753 2436 3819 (16

423 3870 573 3957 Rep.
632 3869 825 3948 VIII,
887 3894 946 3955 p.
1006 3872 1131 3933 562
1188 3871 1245 3934 D
1309 3874 1514 3955 (quem
1560 3871 1742 3936 vertit
1787 3870 2000 3936 Cicero
2047 3872 2122 3935 de
2169 3871 2318 3957 Rep.
2373 3873 2441 3950 I,

423 3991 565 4073 43):
636 3992 669 4064 ἧ
720 3994 821 4054 τοῦ
886 3990 1136 4053 τοιούτου
1198 3992 1301 4073 (se.
1363 3990 1640 4071 πλούτου)
1701 3992 2010 4066 άπληστία
2075 3992 2172 4056 καὶ
2217 3991 2439 4065 ταύτην

422 4110 524 4183 τὴν
592 4109 889 4172 πολιτείαν
958 4108 1263 4184 μεθίστησί
1329 4131 1427 4174 ‘rs‘
1466 4108 1566 4189 καὶ
1629 4108 2057 4189 παρασκευάζει
2122 4110 2438 4188 τυραννίδος

422 4226 696 4301 δεηθῆναι.
799 4230 964 4297 Πῶς,
1038 4223 1189 4307 ἔφης
1248 4224 1443 4291 ’Ὀταν
1460 4277 1477 4308 ,
1542 4223 1704 4303 οἶμαι
1723 4278 1743 4301 ,
1791 4227 2286 4305 δημοκρατουμένη
2338 4228 2440 4291 πό-
