3092 5084
1605 482 1730 541 124

653 708 763 747 των
808 686 1137 765 ἀνθρώπων,
1186 688 1476 760 Ἑλλήνων
1523 687 1616 749 καὶ
1659 686 2002 766 βαρβαρων,
2038 687 2325 765 mindam-⁹
2363 686 2435 751 ὢν
2470 688 2674 757 ἱκανῶς

652 802 822 878 δόξαν
868 805 1195 884 παρέστὴσε
1243 809 1390 869 ποῖσι
1439 808 1543 880 τὴν
1589 808 1797 881 οὶληθῆ.
1839 807 1882 889 ¹)

742 920 1037 1005 Quisquis
1071 922 1218 985 haec
1250 923 1429 1007 legit,
1464 924 1741 1007 agnoscit
1773 924 1969 988 verbis
2001 924 2125 987 illis
2159 945 2510 1008 expressum
2544 946 2673 987 esse

651 1039 1043 1103 nobilitatum
1078 1041 1234 1105 illud
1259 1042 1534 1105 Platonis
1569 1043 1938 1127 paradoxon,
1967 1043 2042 1106 de
2066 1042 2213 1127 Rep.
2241 1041 2320 1119 V,
2348 1066 2406 1126 p.
2435 1043 2562 1106 473
2592 1040 2668 1104 O:

650 1158 751 1221 ἔαν
781 1161 865 1235 μὴ
902 1160 933 1234 ἢ
965 1161 1013 1223 οἱ
1046 1160 1355 1243 φιλόσοφοι
1384 1162 1812 1238 βασιλεύσωσιν
1847 1164 1904 1225 ἐν
1936 1170 2070 1232 ταῖς
2103 1160 2336 1226 πόλεσιν
2362 1161 2395 1236 ἢ
2419 1162 2465 1224 οἱ
2491 1160 2670 1237 βασι-

649 1284 771 1347 λεῖς
828 1303 895 1341 τε
957 1284 1050 1343 νῦν
1103 1279 1405 1356 λεγόμενοι
1459 1280 1560 1343 καὶ
1609 1279 1885 1344 δυνάσται
1933 1280 2371 1361 φιλοσοφήσωσι
2420 1278 2666 1355 γνησίως

649 1421 715 1460 τε
778 1398 876 1460 καὶ
925 1399 1165 1473 ἱκανῶς,
1214 1399 1311 1462 καὶ
1362 1406 1531 1463 τοῦτο
1576 1400 1652 1470 είς
1699 1398 1913 1463 ταύτὸν
1958 1397 2262 1476 ξυμπέσῃ,
2311 1396 2554 1474 δύναμίς
2601 1422 2668 1461 τε

650 1516 917 1589 πολιτικὴ
977 1516 1074 1579 καὶ
1136 1516 1497 1597 φιλοσοφία,
1561 1555 1650 1565 --
1705 1518 1807 1581 οὐκ
1867 1517 1988 1583 ἔστι
2041 1522 2231 1580 κακῶν
2277 1522 2489 1579 παῦλα
2534 1522 2667 1585 ταῖς

649 1630 916 1704 πόλεσιν,
958 1634 1093 1697 δοκῶ
1134 1634 1182 1698 δ’
1205 1635 1324 1697 οὐδὲ
1370 1638 1451 1715 τῷ
1496 1618 1816 1715 ενορωὲτινῳ
1861 1635 2032 1709 γένει.
2083 1634 2242 1698 Ibid.
2270 1633 2394 1711 VI,
2445 1657 2504 1718 p.
2533 1636 2662 1695 499

648 1751 735 1813 B:
786 1750 1067 1829 ἐλέγομεν
1091 1801 1109 1829 ,
1139 1753 1247 1816 ὑπὸ
1272 1755 1555 1827 ταληθοῦς
1592 1752 2053 1835 ἠναγκασμένοι,
2081 1751 2164 1817 ὅτι
2189 1753 2319 1817 οὔτε
2343 1751 2509 1823 πόλις
2533 1752 2666 1815 οὔτε

648 1874 918 1935 πολιτεία
976 1872 1097 1935 οὐδὲ
1160 1875 1222 1947 γ’
1245 1873 1381 1953 ἀνὴρ
1442 1874 1643 1948 ὁμοίως
1690 1874 1919 1949 μήποτε
1967 1872 2207 1949 γένηται
2255 1872 2450 1943 τέλεος
2470 1923 2488 1947 ,
2539 1871 2665 1951 πρὶν

646 1984 719 2052 ἂν
762 1996 881 2059 τοῖς
926 1990 1265 2071 φιλοσόφοις
1294 2041 1308 2056 .
1340 2041 1353 2055 .
1384 2042 1397 2056 .
1445 1976 1682 2070 ἀναγκή
1725 2016 1813 2061 τις
1857 1992 1922 2054 ἐκ
1967 1998 2156 2070 τυχῆς
2204 1989 2534 2070 παραβάλῃ
2557 2038 2572 2053 .
2603 2040 2617 2054 .
2647 2039 2662 2055 .

648 2108 869 2180 πόλεως
916 2111 1363 2185 ἐπιμεληθῆναι,
1393 2161 1405 2175 .
1437 2160 1452 2175 .
1482 2161 1497 2175 .
1549 2111 1580 2184 ἢ
1627 2115 1736 2173 τῶν
1783 2115 1876 2174 νῦν
1923 2112 1980 2174 ἐν
2027 2108 2386 2187 δυναστείαις
2449 2108 2482 2183 ἢ
2543 2107 2663 2185 βα-

645 2231 887 2298 σιλείαις
970 2217 1175 2292 ὄντων
1216 2228 1387 2293 υἱέσιν
1464 2230 1497 2305 ἢ
1554 2232 1750 2301 αὐτοῖς
1821 2230 1886 2295 ἔκ
1945 2252 2091 2299 τινος
2149 2230 2301 2299 θείας
2362 2227 2662 2297 ἐπιπνοίας

642 2348 909 2422 οὶληθινῆς
956 2347 1310 2427 φιλοσοφίας
1356 2348 1614 2422 οὶληθινὸς
1661 2348 1791 2428 ἔρως
1839 2350 2082 2427 ἐμπέσῃ.

733 2464 863 2545 Qui
892 2465 1003 2530 hos
1035 2465 1199 2529 locos
1232 2489 1373 2530 cum
1404 2465 1715 2551 Epistulae
1746 2466 1942 2530 verbis
1975 2464 2444 2550 comparaverit,
2480 2485 2662 2547 agno-

644 2591 771 2647 scet
802 2584 1119 2648 amborum
1150 2592 1383 2649 tantam
1424 2608 1554 2649 esse
1582 2608 1706 2649 non
1739 2586 1938 2649 solum
1971 2584 2304 2649 sententiae
2337 2582 2444 2646 sed
2476 2582 2660 2646 etiam

645 2702 965 2765 verborum
1014 2703 1509 2783 similitudinem,
1559 2712 1632 2768 ut
1692 2704 1952 2767 alterum
2015 2726 2082 2767 ex
2149 2703 2340 2767 altero
2387 2701 2660 2765 effictum

646 2843 775 2884 esse
856 2821 1173 2885 manifeste
1235 2831 1538 2907 appareat.
1635 2822 1957 2886 Eiusmodi
2032 2822 2329 2899 imitatio,
2402 2820 2655 2905 opinor,

642 2939 761 3024 ipsi
807 2941 1044 3003 auctori
1088 2940 1379 3025 imputari
1425 2942 1658 3025 nequit.
1705 2941 1850 3033 'Sed
1881 2942 1998 3005 hoc
2043 2948 2116 3005 ut
2155 2940 2464 3017 omittam,
2499 2936 2656 3001 illud

643 3080 675 3121 6
720 3065 929 3121 nostro
992 3046 1125 3121 loco
1192 3060 1503 3143 sequitur,
1577 3060 1928 3144 scriptorem
1993 3066 2239 3143 putasse
2301 3080 2455 3142 opus
2515 3056 2651 3136 Περὶ

642 3175 943 3248 πολιτείας
991 3199 1026 3240 a
1063 3176 1320 3241 Platone
1366 3186 1507 3241 ante
1556 3179 1966 3263 compositum
2013 3200 2144 3241 esse
2177 3198 2362 3260 quam
2408 3196 2657 3259 peregre

640 3295 947 3379 profectus
981 3303 1169 3359 esset:
1224 3296 1289 3359 id
1320 3303 1664 3360 monstrant
1709 3296 1933 3360 diserte
1964 3296 2145 3360 verba
2175 3295 2356 3358 haec:
2407 3292 2655 3370 λέγειν

638 3416 693 3477 τ’
736 3412 1134 3491 ἠναγκάσθην,
1203 3418 1507 3479 ἐπαινῶν
1577 3424 1697 3488 τῆν
1765 3416 1952 3495 ὀρθὴν
2011 3414 2453 3495 φιλοσοφίαν
2512 3412 2652 3475 κτὲ.

639 3530 801 3595 Nam
842 3532 1091 3595 effatum
1122 3532 1311 3610 illud,
1362 3534 1728 3617 imperantes
1777 3556 1905 3597 esse
1952 3532 2348 3617 philosophos
2396 3530 2647 3607 debere,

641 3650 971 3715 arctissime
1033 3652 1315 3724 cohaeret
1358 3675 1501 3716 cum
1546 3661 1652 3727 τῆς
1699 3655 1854 3732 ὀρθῆς
1901 3653 2257 3733 φιλοσοφίας
2302 3651 2538 3714 ratione
2593 3658 2655 3714 et

638 3791 907 3847 munere,
934 3768 999 3832 in
1022 3792 1204 3854 opere
1227 3770 1698 3856 illo'descriptiS.
1747 3770 1843 3835 Ne
1867 3771 2004 3853 quis
2030 3778 2232 3835 autem
2259 3770 2506 3855 objiciat
2528 3792 2655 3831 ver-

638 3888 785 3951 bum
810 3888 1003 3965 λέγειν
1026 3896 1295 3973 spectare
1319 3890 1395 3954 ad
1422 3913 1745 3969 sermoneS,
1761 3914 1882 3955 non
1911 3890 1986 3954 ad
2011 3890 2266 3975 scriptas
2291 3888 2656 3973 disputatio-

707 4164 756 4225 1)
790 4164 967 4213 Eadem
1012 4165 1248 4213 sententia
1293 4166 1569 4215 enuntiatur
1602 4167 1756 4231 Epist.
1795 4168 1868 4226 II,
1919 4183 1964 4232 p.
2002 4131 2098 4216 310
2136 4168 2202 4216 E:
2253 4176 2419 4236 πέφυκε
2461 4170 2650 4229 ξυνιέναι

636 4264 699 4320 εἰς
732 4264 875 4314 ταύτὸ
898 4264 1110 4330 φρόνησίς
1142 4283 1195 4315 τε
1230 4267 1305 4314 καὶ
1344 4263 1530 4329 abnam,-
1561 4266 1753 4329 μεγάλη.
