3092 5084
619 495 733 537 VIII

617 671 959 735 recentiores
973 721 990 749 ,
1007 681 1338 758 postquam
1391 677 1815 740 renascentibus
1860 676 2051 739 literis
2096 677 2367 740 Platonis
2410 677 2633 758 scripta

616 802 972 866 eruditorum
1033 805 1296 906 manibus
1353 808 1576 870 versari
1636 811 1819 875 denuo
1874 814 2210 891 coeperunt,
2274 809 2338 870 in
2398 809 2631 872 illorum

617 936 961 1000 auctoritate
1022 938 1372 1023 acquievisse
1380 939 1416 1002 ,7
1484 941 1690 1024 Neque
1750 947 1938 1005 tamen
1981 942 2176 1026 fraus
2230 942 2411 1004 latere
2436 941 2631 1026 'usque

600 1071 822 1150 potuit.
916 1046 1143 1136 Nostra
1202 1080 1258 1137 et
1307 1080 1554 1156 patrum
1608 1081 1929 1139 nostrorum
1975 1081 2137 1138 aetas
2152 1124 2169 1152 ,
2218 1098 2365 1160 quae
2409 1076 2472 1136 in
2517 1075 2631 1137 sin-

613 1202 761 1266 ceris
805 1227 843 1268 a
867 1170 1037 1288 fictis
1095 1212 1153 1270 et
1203 1207 1425 1289 spuriis
1480 1170 1838 1271 secernendis
1896 1215 2057 1272 tanto
2110 1209 2300 1272 studio
2354 1213 2632 1292 tantaque

612 1360 754 1401 cura
800 1340 1088 1415 elaborat,
1139 1341 1310 1404 etiam
1355 1342 1450 1405 hic
1475 1341 1741 1428 falsarii
1784 1365 2012 1404 manum
2060 1343 2301 1404 odorata
2332 1347 2435 1404 est.
2509 1341 2629 1403 Res

612 1477 800 1534 tamen
846 1475 1095 1537 nondum
1138 1475 1228 1536 ita
1273 1474 1577 1538 illustrata
1622 1480 1677 1538 et
1723 1475 1787 1536 in
1832 1461 2031 1556 aperto
2065 1425 2269 1555 posita
2285 1521 2301 1549 ,
2352 1480 2417 1536 ut
2448 1473 2630 1536 omnis

610 1605 901 1669 dubitatio
947 1608 1178 1670 sublata
1223 1608 1321 1673 sit.
1412 1610 1625 1693 Itaque
1669 1632 1841 1693 quum
1882 1607 2247 1693 aliquamdiu
2285 1606 2349 1669 in
2384 1608 2630 1670 Platone

608 1740 839 1821 leyendo
897 1763 1020 1803 cum
1075 1743 1370 1823 voluptate
1430 1749 1486 1806 et
1545 1743 1739 1806 studio
1792 1764 1963 1805 essem
2008 1748 2269 1804 versatus
2312 1747 2367 1804 et
2412 1762 2481 1803 ea
2526 1741 2630 1803 boc

608 1873 889 1955 scriptore
939 1880 1330 1956 arqumentum
1391 1877 1476 1938 ad
1520 1875 1973 1939 dissertationem
2027 1875 2484 1938 conscribendam
2536 1897 2630 1937 su-

612 2029 761 2070 mere
813 2007 1211 2085 destinassem,
1260 2010 1496 2072 hortatu
1543 2009 1749 2090 patris
1792 2010 1941 2072 hanc
1999 2007 2302 2071 materiam
2361 2008 2505 2090 eleqi
2562 2007 2629 2070 in

611 2163 728 2224 qua
783 2140 934 2204 vires
994 2163 1149 2205 meas
1195 2141 1587 2224 periclitarer-
1685 2141 1921 2224 Suscepi
1981 2163 2150 2222 opus,
2212 2163 2325 2204 non
2386 2148 2501 2202 tam
2564 2148 2629 2204 ut

613 2274 762 2339 alios
809 2278 1060 2354 docerem
1105 2299 1276 2361 quam
1321 2282 1388 2339 ut
1434 2299 1518 2340 me
1562 2279 1749 2358 ipsum
1794 2297 2105 2339 exercerem
2121 2324 2139 2351 ,
2176 2281 2404 2357 putans
2450 2280 2507 2337 et
2552 2277 2635 2338 ad

594 2408 888 2491 judicium
933 2411 1249 2471 acuendum
1293 2418 1349 2471 et
1389 2411 1472 2471 ad
1498 2409 1800 2472 Platonem
1830 2408 2260 2490 intelbiyendum
2290 2406 2627 2491 nihilfruc-

611 2540 834 2605 tuosius
877 2563 995 2605 esse
1039 2563 1211 2626 quam
1257 2547 1323 2604 ut
1359 2564 1639 2622 ¹qermana
1682 2548 1737 2604 et
1780 2543 2005 2605 sincera
2042 2565 2081 2604 a
2096 2541 2291 2627 falsis
2322 2547 2378 2604 et
2407 2540 2628 2622 spuriis

612 2674 963 2755 distinquere
1023 2675 1311 2738 discerem.
1403 2675 1679 2759 Equidem
1736 2698 1849 2739 non
1909 2676 2106 2739 dubito
2151 2674 2294 2760 quin
2339 2677 2520 2738 multa
2564 2675 2629 2736 in
2667 2661 2685 2740 ss,

611 2809 716 2870 hoc
753 2829 872 2870 meo
911 2830 1079 2889 opere
1116 2807 1236 2871 sint
1265 2815 1509 2889 peccata
1523 2857 1538 2882 ,
1580 2810 1763 2871 multa
1800 2831 1947 2892 quae
1984 2811 2273 2872 abundent
2296 2809 2387 2871 vel
2406 2808 2593 2870 desint
2602 2835 2629 2882 ;

612 2940 667 3004 si
718 2948 905 3004 tamen
966 2963 1197 3022 operam
1241 2949 1296 3004 et
1341 2943 1523 3005 oleum
1568 2963 1679 3005 non
1712 2963 1959 3023 prorsus
1991 2940 2319 3024 perdidisse
2366 2938 2593 3003 videbor
2609 2987 2627 3014 ,

614 3074 726 3137 erit
761 3077 917 3159 quod
949 3098 1035 3138 me
1078 3075 1330 3156 suscepti
1373 3075 1590 3138 laboris
1604 3123 1621 3150 ,
1670 3075 1772 3160 qui
1815 3074 1960 3137 mihi
2004 3097 2106 3138 nec
2148 3074 2292 3137 levis
2334 3095 2437 3136 nec
2478 3073 2626 3156 inju-

615 3211 837 3274 cundus
862 3211 1006 3294 fuit
1019 3260 1037 3287 ‚
1084 3232 1196 3274 non
1230 3209 1555 3292 poeniteat.

705 3343 917 3407 Restat
975 3345 1141 3407 dulce
1199 3344 1457 3429 officium
1474 3393 1491 3420 ,
1567 3351 1635 3406 ut
1689 3343 1923 3425 qratias
1984 3365 2151 3424 aqam
2213 3347 2269 3405 et
2334 3341 2627 3422 maqistris

613 3483 670 3541 et
715 3477 918 3548 amicis
963 3501 1034 3541 ac
1091 3478 1411 3554 sodah'bus,
1470 3501 1711 3563 quorum
1758 3480 1849 3541 vel
1889 3476 2287 3541 consuetudini
2330 3477 2423 3540 vel
2462 3475 2629 3567 insti·

615 3611 824 3673 tutioni
855 3611 1042 3692 plura
1097 3612 1296 3674 debere
1345 3634 1432 3674 me
1474 3610 1657 3674 sentio
1702 3633 1873 3695 quam
1921 3609 2104 3674 verbis
2147 3608 2336 3693 eloqui
2367 3630 2625 3690 possum.

615 3745 754 3807 Non
802 3752 889 3808 est
932 3748 1088 3829 quod
1127 3751 1182 3808 te
1225 3747 1576 3826 compsam,
1626 3743 1837 3826 optime
1869 3749 2068 3825 pater.
2165 3742 2235 3806 Ut
2280 3747 2387 3804 tua
2431 3743 2493 3804 in
2539 3763 2625 3803 me

615 3879 849 3954 merita,
912 3878 1001 3942 ita
1058 3902 1214 3942 meus
1273 3902 1410 3961 crya
1469 3887 1525 3942 te
1584 3879 1814 3942 animus
1859 3877 2158 3960 publicam
2205 3876 2629 3963 professionem

616 4034 719 4074 nec
777 4010 1080 4096 requirunt
1123 4035 1225 4075 nec
1269 4011 1602 4076 admittunt.
1700 4012 1819 4075 Pro
1864 4012 1968 4075 boc
2011 4017 2201 4074 tamen
2245 4031 2358 4072 non
2393 4031 2629 4091 possum

611 4168 726 4209 non
761 4147 964 4227 palam
1015 4146 1123 4209 tibi
1158 4146 1392 4228 qratias
1437 4169 1634 4226 aqere,
1683 4115 1840 4230 quod
1871 4145 2013 4208 mihi
2047 4167 2159 4208 non
2182 4148 2405 4207 tantum
2428 4147 2631 4205 auctor

600 4268 800 4363 'operis
814 4329 832 4357 ‚
885 4284 989 4344 sed
1032 4281 1205 4344 etiam
1267 4282 1501 4363 affutor
1542 4281 1739 4366 suisti
1751 4306 1770 4342 .·
1830 4302 2009 4365 quare
2068 4278 2122 4340 si
2182 4279 2287 4341 hoc
2346 4275 2627 4360 specimen
