<?xml version="1.0" encoding="UTF-8"?>
<!DOCTYPE html PUBLIC "-//W3C//DTD XHTML 1.0 Transitional//EN"
    "http://www.w3.org/TR/xhtml1/DTD/xhtml1-transitional.dtd">
<html xmlns="http://www.w3.org/1999/xhtml" xml:lang="en" lang="en">
 <head>
  <title>
</title>
<meta http-equiv="Content-Type" content="text/html;charset=utf-8" />
  <meta name='ocr-system' content='tesseract 3.04.00' />
  <meta name='ocr-capabilities' content='ocr_page ocr_carea ocr_par ocr_line ocrx_word'/>
</head>
<body>
  <div class='ocr_page' id='page_1' title='image "./commentatiocrit01karsgoog_0031.png"; bbox 0 0 3092 5084; ppageno 0'>
   <div class='ocr_carea' id='block_1_1' title="bbox 1307 464 1384 527">
    <p class='ocr_par' dir='ltr' id='par_1_1' title="bbox 1307 464 1384 527">
     <span class='ocr_line' id='line_1_1' title="bbox 1307 464 1384 527; baseline 0.026 -2"><span class='ocrx_word' id='word_1_1' title='bbox 1307 464 1384 527; x_wconf 87' lang='grc'><strong>17</strong></span> 
     </span>
    </p>
   </div>
   <div class='ocr_carea' id='block_1_2' title="bbox 339 670 2354 1234">
    <p class='ocr_par' dir='ltr' id='par_1_2' title="bbox 339 670 2354 1234">
     <span class='ocr_line' id='line_1_2' title="bbox 345 670 2354 758; baseline 0 -24"><span class='ocrx_word' id='word_1_2' title='bbox 345 671 646 755; x_wconf 84' lang='lat' dir='ltr'><strong>profectae</strong></span> <span class='ocrx_word' id='word_1_3' title='bbox 682 673 728 756; x_wconf 83' lang='grc' dir='ltr'><strong>ι)</strong></span> <span class='ocrx_word' id='word_1_4' title='bbox 741 698 760 750; x_wconf 83' lang='grc'><strong>;</strong></span> <span class='ocrx_word' id='word_1_5' title='bbox 809 671 1183 758; x_wconf 83' lang='lat' dir='ltr'>probabilius</span> <span class='ocrx_word' id='word_1_6' title='bbox 1233 678 1434 735; x_wconf 86' lang='lat' dir='ltr'><strong>tamen</strong></span> <span class='ocrx_word' id='word_1_7' title='bbox 1480 678 1605 734; x_wconf 90' lang='lat' dir='ltr'><strong>tam</strong></span> <span class='ocrx_word' id='word_1_8' title='bbox 1653 670 1730 734; x_wconf 95' lang='lat' dir='ltr'><strong>ob</strong></span> <span class='ocrx_word' id='word_1_9' title='bbox 1779 670 1934 734; x_wconf 91' lang='lat' dir='ltr'><strong>hanc</strong></span> <span class='ocrx_word' id='word_1_10' title='bbox 1966 671 2160 755; x_wconf 83' lang='lat' dir='ltr'>ipsam</span> <span class='ocrx_word' id='word_1_11' title='bbox 2192 671 2354 736; x_wconf 89' lang='lat' dir='ltr'><strong>simi-</strong></span> 
     </span>
     <span class='ocr_line' id='line_1_3' title="bbox 341 789 2352 876; baseline 0 -23"><span class='ocrx_word' id='word_1_12' title='bbox 341 789 664 854; x_wconf 89' lang='lat' dir='ltr'><strong>litudinem</strong></span> <span class='ocrx_word' id='word_1_13' title='bbox 711 813 893 875; x_wconf 88' lang='lat' dir='ltr'><strong>quam</strong></span> <span class='ocrx_word' id='word_1_14' title='bbox 939 790 1018 854; x_wconf 95' lang='lat' dir='ltr'><strong>ob</strong></span> <span class='ocrx_word' id='word_1_15' title='bbox 1066 790 1536 876; x_wconf 79' lang='lat' dir='ltr'><strong>discrepantiam</strong></span> <span class='ocrx_word' id='word_1_16' title='bbox 1582 790 2019 854; x_wconf 86' lang='lat' dir='ltr'><strong>nonnullarum</strong></span> <span class='ocrx_word' id='word_1_17' title='bbox 2052 791 2318 874; x_wconf 85' lang='lat' dir='ltr'><strong>partium</strong></span> <span class='ocrx_word' id='word_1_18' title='bbox 2333 839 2352 868; x_wconf 91' lang='lat'><strong><em>,</em></strong></span> 
     </span>
     <span class='ocr_line' id='line_1_4' title="bbox 340 908 2353 995; baseline -0 -22"><span class='ocrx_word' id='word_1_19' title='bbox 340 931 438 973; x_wconf 86' lang='lat' dir='ltr'><strong>eas</strong></span> <span class='ocrx_word' id='word_1_20' title='bbox 486 909 742 974; x_wconf 89' lang='lat' dir='ltr'><strong>diversis</strong></span> <span class='ocrx_word' id='word_1_21' title='bbox 789 909 1110 995; x_wconf 91' lang='lat' dir='ltr'><strong>opificibus</strong></span> <span class='ocrx_word' id='word_1_22' title='bbox 1156 931 1284 974; x_wconf 92' lang='lat' dir='ltr'><strong>esse</strong></span> <span class='ocrx_word' id='word_1_23' title='bbox 1316 908 1670 972; x_wconf 86' lang='lat' dir='ltr'><strong>tribuendas</strong></span> <span class='ocrx_word' id='word_1_24' title='bbox 1704 915 1900 973; x_wconf 90' lang='lat' dir='ltr'><strong>aetate</strong></span> <span class='ocrx_word' id='word_1_25' title='bbox 1932 931 2058 973; x_wconf 90' lang='lat' dir='ltr'><strong>non</strong></span> <span class='ocrx_word' id='word_1_26' title='bbox 2088 909 2353 972; x_wconf 86' lang='lat' dir='ltr'><strong>multum</strong></span> 
     </span>
     <span class='ocr_line' id='line_1_5' title="bbox 339 1027 2351 1113; baseline 0 -23"><span class='ocrx_word' id='word_1_27' title='bbox 339 1028 711 1093; x_wconf 84' lang='lat' dir='ltr'><strong>distantibus</strong></span> <span class='ocrx_word' id='word_1_28' title='bbox 727 1078 746 1107; x_wconf 91' lang='lat'><strong><em>,</em></strong></span> <span class='ocrx_word' id='word_1_29' title='bbox 796 1050 1058 1113; x_wconf 89' lang='lat' dir='ltr'><strong>quorum</strong></span> <span class='ocrx_word' id='word_1_30' title='bbox 1103 1028 1465 1112; x_wconf 80' lang='lat' dir='ltr'>posteriores</span> <span class='ocrx_word' id='word_1_31' title='bbox 1521 1028 1779 1112; x_wconf 76' lang='lat' dir='ltr'><strong>primam</strong></span> <span class='ocrx_word' id='word_1_32' title='bbox 1824 1028 2145 1113; x_wconf 87' lang='lat' dir='ltr'><strong>epistolam</strong></span> <span class='ocrx_word' id='word_1_33' title='bbox 2179 1027 2351 1112; x_wconf 87' lang='lat' dir='ltr'>(VII)</span> 
     </span>
     <span class='ocr_line' id='line_1_6' title="bbox 341 1146 1818 1234; baseline 0.001 -25"><span class='ocrx_word' id='word_1_34' title='bbox 341 1146 624 1231; x_wconf 86' lang='lat' dir='ltr'><strong>supplere</strong></span> <span class='ocrx_word' id='word_1_35' title='bbox 675 1155 737 1211; x_wconf 93' lang='lat' dir='ltr'><strong>et</strong></span> <span class='ocrx_word' id='word_1_36' title='bbox 781 1147 1148 1234; x_wconf 84' lang='lat' dir='ltr'><strong>amplificare</strong></span> <span class='ocrx_word' id='word_1_37' title='bbox 1193 1146 1312 1210; x_wconf 92' lang='lat' dir='ltr'><strong>sibi</strong></span> <span class='ocrx_word' id='word_1_38' title='bbox 1370 1147 1818 1232; x_wconf 79' lang='lat' dir='ltr'><strong>proposuerint.</strong></span> 
     </span>
    </p>
   </div>
   <div class='ocr_carea' id='block_1_3' title="bbox 340 1381 2361 3954">
    <p class='ocr_par' dir='ltr' id='par_1_3' title="bbox 340 1381 2353 1706">
     <span class='ocr_line' id='line_1_7' title="bbox 426 1381 2349 1469; baseline 0.001 -24"><span class='ocrx_word' id='word_1_39' title='bbox 426 1381 482 1445; x_wconf 78' lang='lat' dir='ltr'><strong>E</strong></span> <span class='ocrx_word' id='word_1_40' title='bbox 545 1382 793 1467; x_wconf 84' lang='lat' dir='ltr'><strong>reliquis</strong></span> <span class='ocrx_word' id='word_1_41' title='bbox 859 1383 1121 1469; x_wconf 84' lang='lat' dir='ltr'><strong>primum</strong></span> <span class='ocrx_word' id='word_1_42' title='bbox 1178 1383 1245 1447; x_wconf 91' lang='lat' dir='ltr'><strong>in</strong></span> <span class='ocrx_word' id='word_1_43' title='bbox 1306 1405 1555 1447; x_wconf 87' lang='lat' dir='ltr'><strong>censum</strong></span> <span class='ocrx_word' id='word_1_44' title='bbox 1618 1382 1873 1448; x_wconf 88' lang='lat' dir='ltr'><strong>veniunt</strong></span> <span class='ocrx_word' id='word_1_45' title='bbox 1919 1381 2232 1467; x_wconf 84' lang='lat' dir='ltr'><strong>Epistolae</strong></span> <span class='ocrx_word' id='word_1_46' title='bbox 2278 1383 2313 1447; x_wconf 92' lang='lat' dir='ltr'>I</span> <span class='ocrx_word' id='word_1_47' title='bbox 2331 1434 2349 1462; x_wconf 87' lang='lat'>‚</span> 
     </span>
     <span class='ocr_line' id='line_1_8' title="bbox 341 1501 2353 1588; baseline 0 -23"><span class='ocrx_word' id='word_1_48' title='bbox 341 1501 442 1579; x_wconf 89' lang='lat' dir='ltr'><strong>II,</strong></span> <span class='ocrx_word' id='word_1_49' title='bbox 494 1501 662 1566; x_wconf 92' lang='lat' dir='ltr'>XIII</span> <span class='ocrx_word' id='word_1_50' title='bbox 707 1508 768 1566; x_wconf 93' lang='lat' dir='ltr'><strong>et</strong></span> <span class='ocrx_word' id='word_1_51' title='bbox 813 1501 939 1580; x_wconf 86' lang='lat' dir='ltr'><strong>IV,</strong></span> <span class='ocrx_word' id='word_1_52' title='bbox 989 1524 1247 1586; x_wconf 89' lang='lat' dir='ltr'><strong>quarum</strong></span> <span class='ocrx_word' id='word_1_53' title='bbox 1292 1502 1414 1565; x_wconf 80' lang='lat' dir='ltr'><strong>tres</strong></span> <span class='ocrx_word' id='word_1_54' title='bbox 1463 1503 1687 1586; x_wconf 81' lang='lat' dir='ltr'><strong>priores</strong></span> <span class='ocrx_word' id='word_1_55' title='bbox 1735 1502 2061 1588; x_wconf 79' lang='lat' dir='ltr'><strong>inscriptae</strong></span> <span class='ocrx_word' id='word_1_56' title='bbox 2101 1511 2247 1566; x_wconf 87' lang='lat' dir='ltr'><strong>sunt</strong></span> <span class='ocrx_word' id='word_1_57' title='bbox 2276 1502 2353 1566; x_wconf 89' lang='lat' dir='ltr'><strong>ad</strong></span> 
     </span>
     <span class='ocr_line' id='line_1_9' title="bbox 340 1620 1450 1706; baseline 0.001 -23"><span class='ocrx_word' id='word_1_58' title='bbox 340 1620 738 1706; x_wconf 81' lang='lat' dir='ltr'><strong>Dionysium,</strong></span> <span class='ocrx_word' id='word_1_59' title='bbox 785 1621 1005 1686; x_wconf 91' lang='lat' dir='ltr'><strong>ultima</strong></span> <span class='ocrx_word' id='word_1_60' title='bbox 1049 1621 1126 1684; x_wconf 88' lang='lat' dir='ltr'><strong>ad</strong></span> <span class='ocrx_word' id='word_1_61' title='bbox 1171 1620 1450 1684; x_wconf 87' lang='lat' dir='ltr'><strong>Dionem.</strong></span> 
     </span>
    </p>

    <p class='ocr_par' dir='ltr' id='par_1_4' title="bbox 342 1737 2361 3954">
     <span class='ocr_line' id='line_1_10' title="bbox 426 1737 2353 1824; baseline 0 -22"><span class='ocrx_word' id='word_1_62' title='bbox 426 1737 669 1803; x_wconf 84' lang='lat' dir='ltr'><strong>Harum</strong></span> <span class='ocrx_word' id='word_1_63' title='bbox 735 1738 1012 1823; x_wconf 73' lang='lat' dir='ltr'><strong>Epistola</strong></span> <span class='ocrx_word' id='word_1_64' title='bbox 1073 1737 1142 1802; x_wconf 88' lang='lat' dir='ltr'><strong>H</strong></span> <span class='ocrx_word' id='word_1_65' title='bbox 1187 1739 1413 1816; x_wconf 83' lang='lat' dir='ltr'><strong>forma,</strong></span> <span class='ocrx_word' id='word_1_66' title='bbox 1461 1738 1662 1802; x_wconf 90' lang='lat' dir='ltr'><strong>colore</strong></span> <span class='ocrx_word' id='word_1_67' title='bbox 1709 1746 1771 1803; x_wconf 95' lang='lat' dir='ltr'><strong>et</strong></span> <span class='ocrx_word' id='word_1_68' title='bbox 1816 1747 2176 1824; x_wconf 85' lang='lat' dir='ltr'><strong>argumento</strong></span> <span class='ocrx_word' id='word_1_69' title='bbox 2218 1761 2353 1823; x_wconf 89' lang='lat' dir='ltr'><strong>pro-</strong></span> 
     </span>
     <span class='ocr_line' id='line_1_11' title="bbox 342 1855 2353 1943; baseline 0 -24"><span class='ocrx_word' id='word_1_70' title='bbox 342 1857 537 1935; x_wconf 86' lang='lat' dir='ltr'><strong>xime,</strong></span> <span class='ocrx_word' id='word_1_71' title='bbox 587 1858 702 1921; x_wconf 91' lang='lat' dir='ltr'><strong>etsi</strong></span> <span class='ocrx_word' id='word_1_72' title='bbox 748 1857 912 1921; x_wconf 89' lang='lat' dir='ltr'><strong>haud</strong></span> <span class='ocrx_word' id='word_1_73' title='bbox 960 1879 1143 1943; x_wconf 89' lang='lat' dir='ltr'><strong>parvo</strong></span> <span class='ocrx_word' id='word_1_74' title='bbox 1188 1856 1540 1934; x_wconf 87' lang='lat' dir='ltr'><strong>interva110‚</strong></span> <span class='ocrx_word' id='word_1_75' title='bbox 1591 1857 1824 1920; x_wconf 85' lang='lat' dir='ltr'><strong>accedit</strong></span> <span class='ocrx_word' id='word_1_76' title='bbox 1870 1857 1945 1920; x_wconf 91' lang='lat' dir='ltr'><strong>ad</strong></span> <span class='ocrx_word' id='word_1_77' title='bbox 1993 1856 2141 1920; x_wconf 89' lang='lat' dir='ltr'>VII.</span> <span class='ocrx_word' id='word_1_78' title='bbox 2192 1855 2353 1920; x_wconf 90' lang='lat' dir='ltr'><strong>Nam</strong></span> 
     </span>
     <span class='ocr_line' id='line_1_12' title="bbox 344 1974 2357 2060; baseline 0 -22"><span class='ocrx_word' id='word_1_79' title='bbox 344 1984 412 2039; x_wconf 90' lang='lat' dir='ltr'><strong>ut</strong></span> <span class='ocrx_word' id='word_1_80' title='bbox 477 1975 618 2053; x_wconf 91' lang='lat' dir='ltr'>III,</span> <span class='ocrx_word' id='word_1_81' title='bbox 677 1975 807 2040; x_wconf 85' lang='lat' dir='ltr'>VII</span> <span class='ocrx_word' id='word_1_82' title='bbox 859 1983 921 2039; x_wconf 95' lang='lat' dir='ltr'><strong>et</strong></span> <span class='ocrx_word' id='word_1_83' title='bbox 964 1975 1161 2054; x_wconf 85' lang='lat' dir='ltr'>VIII,</span> <span class='ocrx_word' id='word_1_84' title='bbox 1209 1976 1296 2039; x_wconf 91' lang='lat' dir='ltr'><strong>ita</strong></span> <span class='ocrx_word' id='word_1_85' title='bbox 1341 1975 1488 2039; x_wconf 90' lang='lat' dir='ltr'><strong>haec</strong></span> <span class='ocrx_word' id='word_1_86' title='bbox 1543 1997 1789 2059; x_wconf 91' lang='lat' dir='ltr'><strong>quoque</strong></span> <span class='ocrx_word' id='word_1_87' title='bbox 1833 1974 2075 2060; x_wconf 86' lang='lat' dir='ltr'><strong>longior</strong></span> <span class='ocrx_word' id='word_1_88' title='bbox 2120 1983 2245 2052; x_wconf 90' lang='lat' dir='ltr'><strong>est,</strong></span> <span class='ocrx_word' id='word_1_89' title='bbox 2296 1983 2357 2038; x_wconf 89' lang='lat' dir='ltr'><strong>et</strong></span> 
     </span>
     <span class='ocr_line' id='line_1_13' title="bbox 343 2093 2357 2178; baseline 0 -21"><span class='ocrx_word' id='word_1_90' title='bbox 343 2093 526 2158; x_wconf 87' lang='lat' dir='ltr'><strong>stilus</strong></span> <span class='ocrx_word' id='word_1_91' title='bbox 581 2117 788 2158; x_wconf 90' lang='lat' dir='ltr'><strong>earum</strong></span> <span class='ocrx_word' id='word_1_92' title='bbox 841 2100 1082 2158; x_wconf 90' lang='lat' dir='ltr'><strong>tantum</strong></span> <span class='ocrx_word' id='word_1_93' title='bbox 1129 2093 1318 2158; x_wconf 83' lang='lat' dir='ltr'><strong>distat</strong></span> <span class='ocrx_word' id='word_1_94' title='bbox 1371 2093 1446 2157; x_wconf 87' lang='lat' dir='ltr'><strong>ab</strong></span> <span class='ocrx_word' id='word_1_95' title='bbox 1508 2093 1819 2178; x_wconf 84' lang='lat' dir='ltr'><strong>epistolari</strong></span> <span class='ocrx_word' id='word_1_96' title='bbox 1865 2093 2169 2158; x_wconf 86' lang='lat' dir='ltr'><strong>scribendi</strong></span> <span class='ocrx_word' id='word_1_97' title='bbox 2213 2095 2357 2158; x_wconf 90' lang='lat' dir='ltr'><strong>rati-</strong></span> 
     </span>
     <span class='ocr_line' id='line_1_14' title="bbox 345 2212 2357 2297; baseline 0 -21"><span class='ocrx_word' id='word_1_98' title='bbox 345 2235 464 2277; x_wconf 92' lang='lat' dir='ltr'><strong>one</strong></span> <span class='ocrx_word' id='word_1_99' title='bbox 483 2263 502 2292; x_wconf 91' lang='lat'><em>,</em></span> <span class='ocrx_word' id='word_1_100' title='bbox 563 2221 638 2277; x_wconf 91' lang='lat' dir='ltr'><strong>ut</strong></span> <span class='ocrx_word' id='word_1_101' title='bbox 679 2214 748 2277; x_wconf 91' lang='lat' dir='ltr'><strong>in</strong></span> <span class='ocrx_word' id='word_1_102' title='bbox 791 2236 890 2278; x_wconf 89' lang='lat' dir='ltr'><strong>eas</strong></span> <span class='ocrx_word' id='word_1_103' title='bbox 937 2236 1144 2278; x_wconf 90' lang='lat' dir='ltr'><strong>omnes</strong></span> <span class='ocrx_word' id='word_1_104' title='bbox 1191 2213 1448 2297; x_wconf 84' lang='lat' dir='ltr'><strong>quadret</strong></span> <span class='ocrx_word' id='word_1_105' title='bbox 1492 2212 1559 2276; x_wconf 92' lang='lat' dir='ltr'><strong>id</strong></span> <span class='ocrx_word' id='word_1_106' title='bbox 1604 2213 1771 2297; x_wconf 92' lang='lat' dir='ltr'><strong>quod</strong></span> <span class='ocrx_word' id='word_1_107' title='bbox 1815 2212 2148 2297; x_wconf 89' lang='lat' dir='ltr'><strong>Dionysius</strong></span> <span class='ocrx_word' id='word_1_108' title='bbox 2187 2212 2357 2277; x_wconf 92' lang='lat' dir='ltr'><strong>Hali-</strong></span> 
     </span>
     <span class='ocr_line' id='line_1_15' title="bbox 345 2330 2355 2416; baseline 0 -22"><span class='ocrx_word' id='word_1_109' title='bbox 345 2332 754 2395; x_wconf 85' lang='lat' dir='ltr'><strong>carnassensis</strong></span> <span class='ocrx_word' id='word_1_110' title='bbox 800 2331 951 2395; x_wconf 89' lang='lat' dir='ltr'><strong>dicit</strong></span> <span class='ocrx_word' id='word_1_111' title='bbox 987 2331 1103 2415; x_wconf 92' lang='lat' dir='ltr'><strong>(De</strong></span> <span class='ocrx_word' id='word_1_112' title='bbox 1132 2331 1193 2394; x_wconf 85' lang='lat' dir='ltr'><strong>vi</strong></span> <span class='ocrx_word' id='word_1_113' title='bbox 1225 2331 1340 2395; x_wconf 92' lang='lat' dir='ltr'><strong>dic.</strong></span> <span class='ocrx_word' id='word_1_114' title='bbox 1375 2330 1693 2396; x_wconf 86' lang='lat' dir='ltr'><strong>Demosth.</strong></span> <span class='ocrx_word' id='word_1_115' title='bbox 1727 2354 1787 2415; x_wconf 91' lang='lat' dir='ltr'><strong>p.</strong></span> <span class='ocrx_word' id='word_1_116' title='bbox 1828 2333 2055 2416; x_wconf 78' lang='lat'>1027),</span> <span class='ocrx_word' id='word_1_117' title='bbox 2081 2330 2355 2394; x_wconf 87' lang='lat' dir='ltr'><strong>Platonis</strong></span> 
     </span>
     <span class='ocr_line' id='line_1_16' title="bbox 344 2448 2356 2535; baseline 0 -23"><span class='ocrx_word' id='word_1_118' title='bbox 344 2449 635 2534; x_wconf 86' lang='lat' dir='ltr'><strong>epistolas</strong></span> <span class='ocrx_word' id='word_1_119' title='bbox 681 2449 884 2534; x_wconf 88' lang='lat' dir='ltr'><strong>potius</strong></span> <span class='ocrx_word' id='word_1_120' title='bbox 932 2448 1320 2535; x_wconf 87' lang='lat' dir='ltr'><strong>appellandas</strong></span> <span class='ocrx_word' id='word_1_121' title='bbox 1367 2471 1495 2513; x_wconf 92' lang='lat' dir='ltr'><strong>esse</strong></span> <span class='ocrx_word' id='word_1_122' title='bbox 1537 2449 1889 2529; x_wconf 71' lang='grc' dir='ltr'><em>δημηγορίας</em></span> <span class='ocrx_word' id='word_1_123' title='bbox 1922 2470 2106 2532; x_wconf 90' lang='lat' dir='ltr'><strong>quam</strong></span> <span class='ocrx_word' id='word_1_124' title='bbox 2137 2449 2356 2533; x_wconf 92' lang='lat' dir='ltr'><strong>episto-</strong></span> 
     </span>
     <span class='ocr_line' id='line_1_17' title="bbox 342 2566 2361 2653; baseline 0 -22"><span class='ocrx_word' id='word_1_125' title='bbox 342 2568 471 2631; x_wconf 87' lang='lat' dir='ltr'><strong>las:</strong></span> <span class='ocrx_word' id='word_1_126' title='bbox 534 2589 744 2632; x_wconf 92' lang='lat' dir='ltr'><strong>omnes</strong></span> <span class='ocrx_word' id='word_1_127' title='bbox 790 2567 1047 2653; x_wconf 86' lang='lat' dir='ltr'><strong>scriptae</strong></span> <span class='ocrx_word' id='word_1_128' title='bbox 1093 2575 1236 2632; x_wconf 86' lang='lat' dir='ltr'><strong>sunt</strong></span> <span class='ocrx_word' id='word_1_129' title='bbox 1283 2590 1408 2632; x_wconf 89' lang='lat' dir='ltr'><strong>non</strong></span> <span class='ocrx_word' id='word_1_130' title='bbox 1452 2573 1524 2631; x_wconf 92' lang='lat' dir='ltr'><strong>ut</strong></span> <span class='ocrx_word' id='word_1_131' title='bbox 1571 2590 1606 2631; x_wconf 90' lang='lat' dir='ltr'><strong>a</strong></span> <span class='ocrx_word' id='word_1_132' title='bbox 1649 2566 1931 2631; x_wconf 87' lang='lat' dir='ltr'><strong>familiari</strong></span> <span class='ocrx_word' id='word_1_133' title='bbox 1978 2567 2055 2631; x_wconf 91' lang='lat' dir='ltr'><strong>ad</strong></span> <span class='ocrx_word' id='word_1_134' title='bbox 2098 2567 2361 2632; x_wconf 61' lang='lat' dir='ltr'><strong>familia-¹</strong></span> 
     </span>
     <span class='ocr_line' id='line_1_18' title="bbox 344 2685 2358 2770; baseline 0 -20"><span class='ocrx_word' id='word_1_135' title='bbox 344 2709 475 2750; x_wconf 91' lang='lat' dir='ltr'><strong>rem</strong></span> <span class='ocrx_word' id='word_1_136' title='bbox 491 2736 511 2765; x_wconf 91' lang='lat'><em>,</em></span> <span class='ocrx_word' id='word_1_137' title='bbox 559 2686 668 2750; x_wconf 90' lang='lat' dir='ltr'><strong>sed</strong></span> <span class='ocrx_word' id='word_1_138' title='bbox 713 2685 900 2750; x_wconf 89' lang='lat' dir='ltr'><strong>veluti</strong></span> <span class='ocrx_word' id='word_1_139' title='bbox 945 2686 1280 2750; x_wconf 83' lang='lat' dir='ltr'><strong>destinatae</strong></span> <span class='ocrx_word' id='word_1_140' title='bbox 1311 2692 1384 2750; x_wconf 91' lang='lat' dir='ltr'><strong>ut</strong></span> <span class='ocrx_word' id='word_1_141' title='bbox 1412 2687 1478 2750; x_wconf 94' lang='lat' dir='ltr'><strong>in</strong></span> <span class='ocrx_word' id='word_1_142' title='bbox 1506 2685 1827 2770; x_wconf 90' lang='lat' dir='ltr'><strong>publicum</strong></span> <span class='ocrx_word' id='word_1_143' title='bbox 1858 2685 2197 2750; x_wconf 85' lang='lat' dir='ltr'><strong>ederentur.</strong></span> <span class='ocrx_word' id='word_1_144' title='bbox 2248 2689 2358 2751; x_wconf 86' lang='lat' dir='ltr'><strong>Ar-</strong></span> 
     </span>
     <span class='ocr_line' id='line_1_19' title="bbox 346 2802 2359 2889; baseline 0 -21"><span class='ocrx_word' id='word_1_145' title='bbox 346 2811 710 2889; x_wconf 86' lang='lat' dir='ltr'><strong>gumentum</strong></span> <span class='ocrx_word' id='word_1_146' title='bbox 775 2811 980 2868; x_wconf 90' lang='lat' dir='ltr'><strong>autem</strong></span> <span class='ocrx_word' id='word_1_147' title='bbox 1030 2803 1342 2889; x_wconf 83' lang='lat' dir='ltr'><strong>Epistolae</strong></span> <span class='ocrx_word' id='word_1_148' title='bbox 1386 2802 1455 2867; x_wconf 89' lang='lat' dir='ltr'>H</span> <span class='ocrx_word' id='word_1_149' title='bbox 1526 2803 1579 2867; x_wconf 93' lang='lat' dir='ltr'><strong>si</strong></span> <span class='ocrx_word' id='word_1_150' title='bbox 1647 2809 1914 2888; x_wconf 91' lang='lat' dir='ltr'><strong>spectes,</strong></span> <span class='ocrx_word' id='word_1_151' title='bbox 1962 2804 2085 2868; x_wconf 90' lang='lat' dir='ltr'><strong>tale</strong></span> <span class='ocrx_word' id='word_1_152' title='bbox 2133 2812 2224 2868; x_wconf 90' lang='lat' dir='ltr'><strong>est</strong></span> <span class='ocrx_word' id='word_1_153' title='bbox 2285 2813 2359 2868; x_wconf 84' lang='lat' dir='ltr'><strong>ut</strong></span> 
     </span>
     <span class='ocr_line' id='line_1_20' title="bbox 347 2920 2359 3008; baseline 0 -22"><span class='ocrx_word' id='word_1_154' title='bbox 347 2945 596 3007; x_wconf 88' lang='lat' dir='ltr'><strong>prorsus</strong></span> <span class='ocrx_word' id='word_1_155' title='bbox 643 2945 676 2986; x_wconf 94' lang='lat' dir='ltr'><strong>e</strong></span> <span class='ocrx_word' id='word_1_156' title='bbox 720 2921 851 2986; x_wconf 86' lang='lat' dir='ltr'><strong>VII</strong></span> <span class='ocrx_word' id='word_1_157' title='bbox 894 2922 1268 3006; x_wconf 85' lang='lat' dir='ltr'><strong>profluxerit.</strong></span> <span class='ocrx_word' id='word_1_158' title='bbox 1317 2920 1494 3002; x_wconf 79' lang='lat' dir='ltr'><strong>Quae</strong></span> <span class='ocrx_word' id='word_1_159' title='bbox 1524 2921 1592 2985; x_wconf 89' lang='lat' dir='ltr'><strong>in</strong></span> <span class='ocrx_word' id='word_1_160' title='bbox 1622 2921 1735 2985; x_wconf 87' lang='lat' dir='ltr'><strong>hac</strong></span> <span class='ocrx_word' id='word_1_161' title='bbox 1782 2921 2073 2986; x_wconf 77' lang='lat' dir='ltr'><strong>dicuntur</strong></span> <span class='ocrx_word' id='word_1_162' title='bbox 2118 2921 2193 2986; x_wconf 92' lang='lat' dir='ltr'><strong>de</strong></span> <span class='ocrx_word' id='word_1_163' title='bbox 2224 2946 2359 3008; x_wconf 88' lang='lat' dir='ltr'><strong>pro·</strong></span> 
     </span>
     <span class='ocr_line' id='line_1_21' title="bbox 346 3024 2357 3126; baseline 0.001 -22"><span class='ocrx_word' id='word_1_164' title='bbox 346 3041 611 3105; x_wconf 80' lang='lat' dir='ltr'><strong>sectione</strong></span> <span class='ocrx_word' id='word_1_165' title='bbox 672 3041 735 3104; x_wconf 88' lang='lat' dir='ltr'><strong>in</strong></span> <span class='ocrx_word' id='word_1_166' title='bbox 798 3041 999 3106; x_wconf 92' lang='lat' dir='ltr'><strong>aulam</strong></span> <span class='ocrx_word' id='word_1_167' title='bbox 1042 3040 1355 3126; x_wconf 86' lang='lat' dir='ltr'><strong>Dionysii,</strong></span> <span class='ocrx_word' id='word_1_168' title='bbox 1413 3041 1487 3104; x_wconf 93' lang='lat' dir='ltr'><strong>de</strong></span> <span class='ocrx_word' id='word_1_169' title='bbox 1531 3024 1762 3104; x_wconf 86' lang='lat' dir='ltr'><strong>invidia</strong></span> <span class='ocrx_word' id='word_1_170' title='bbox 1806 3041 2143 3105; x_wconf 87' lang='lat' dir='ltr'><strong>aulicorum</strong></span> <span class='ocrx_word' id='word_1_171' title='bbox 2158 3091 2176 3118; x_wconf 89' lang='lat'>‚</span> <span class='ocrx_word' id='word_1_172' title='bbox 2223 3048 2357 3106; x_wconf 90' lang='lat' dir='ltr'><strong>tum</strong></span> 
     </span>
     <span class='ocr_line' id='line_1_22' title="bbox 347 3158 2358 3244; baseline 0.002 -23"><span class='ocrx_word' id='word_1_173' title='bbox 347 3158 424 3222; x_wconf 90' lang='lat' dir='ltr'><strong>de</strong></span> <span class='ocrx_word' id='word_1_174' title='bbox 473 3159 753 3244; x_wconf 87' lang='lat' dir='ltr'><strong>Dionysii</strong></span> <span class='ocrx_word' id='word_1_175' title='bbox 805 3159 1224 3244; x_wconf 84' lang='lat' dir='ltr'><strong>philosophiae</strong></span> <span class='ocrx_word' id='word_1_176' title='bbox 1271 3160 1477 3223; x_wconf 88' lang='lat' dir='ltr'><strong>studio</strong></span> <span class='ocrx_word' id='word_1_177' title='bbox 1531 3159 1727 3243; x_wconf 92' lang='lat' dir='ltr'><strong>deque</strong></span> <span class='ocrx_word' id='word_1_178' title='bbox 1773 3159 1996 3224; x_wconf 88' lang='lat' dir='ltr'><strong>libellis</strong></span> <span class='ocrx_word' id='word_1_179' title='bbox 2043 3160 2118 3225; x_wconf 88' lang='lat' dir='ltr'><strong>ab</strong></span> <span class='ocrx_word' id='word_1_180' title='bbox 2164 3182 2235 3224; x_wconf 92' lang='lat' dir='ltr'><strong>eo</strong></span> <span class='ocrx_word' id='word_1_181' title='bbox 2282 3161 2358 3225; x_wconf 93' lang='lat' dir='ltr'><strong>de</strong></span> 
     </span>
     <span class='ocr_line' id='line_1_23' title="bbox 348 3276 2355 3362; baseline 0.002 -23"><span class='ocrx_word' id='word_1_182' title='bbox 348 3277 736 3362; x_wconf 90' lang='lat' dir='ltr'><strong>philosophia</strong></span> <span class='ocrx_word' id='word_1_183' title='bbox 779 3277 876 3341; x_wconf 85' lang='lat' dir='ltr'><strong>vel</strong></span> <span class='ocrx_word' id='word_1_184' title='bbox 921 3277 996 3341; x_wconf 92' lang='lat' dir='ltr'><strong>de</strong></span> <span class='ocrx_word' id='word_1_185' title='bbox 1040 3277 1223 3342; x_wconf 89' lang='lat' dir='ltr'><strong>rebus</strong></span> <span class='ocrx_word' id='word_1_186' title='bbox 1269 3276 1534 3362; x_wconf 87' lang='lat' dir='ltr'><strong>politicis</strong></span> <span class='ocrx_word' id='word_1_187' title='bbox 1591 3277 1805 3355; x_wconf 78' lang='lat' dir='ltr'><strong>editis,</strong></span> <span class='ocrx_word' id='word_1_188' title='bbox 1855 3278 1931 3343; x_wconf 91' lang='lat' dir='ltr'><strong>de</strong></span> <span class='ocrx_word' id='word_1_189' title='bbox 1982 3284 2204 3342; x_wconf 91' lang='lat' dir='ltr'><strong>natura</strong></span> <span class='ocrx_word' id='word_1_190' title='bbox 2249 3286 2355 3352; x_wconf 78' lang='grc' dir='ltr'><strong>τῆς</strong></span> 
     </span>
     <span class='ocr_line' id='line_1_24' title="bbox 348 3393 2357 3482; baseline 0.001 -24"><span class='ocrx_word' id='word_1_191' title='bbox 348 3395 674 3472; x_wconf 71' lang='grc' dir='ltr'><strong><em>ἐπιστήμης</em></strong></span> <span class='ocrx_word' id='word_1_192' title='bbox 685 3445 705 3474; x_wconf 89' lang='grc'>,</span> <span class='ocrx_word' id='word_1_193' title='bbox 769 3393 845 3460; x_wconf 91' lang='lat' dir='ltr'><strong>de</strong></span> <span class='ocrx_word' id='word_1_194' title='bbox 905 3395 1324 3482; x_wconf 92' lang='lat' dir='ltr'><strong>philosophiae</strong></span> <span class='ocrx_word' id='word_1_195' title='bbox 1383 3395 1623 3480; x_wconf 91' lang='lat' dir='ltr'><strong>placitis</strong></span> <span class='ocrx_word' id='word_1_196' title='bbox 1679 3395 1947 3460; x_wconf 88' lang='lat' dir='ltr'><strong>celandis</strong></span> <span class='ocrx_word' id='word_1_197' title='bbox 2008 3419 2120 3460; x_wconf 92' lang='lat' dir='ltr'><strong>nec</strong></span> <span class='ocrx_word' id='word_1_198' title='bbox 2166 3396 2357 3460; x_wconf 86' lang='lat' dir='ltr'><strong>literis</strong></span> 
     </span>
     <span class='ocr_line' id='line_1_25' title="bbox 349 3512 2355 3599; baseline 0.001 -23"><span class='ocrx_word' id='word_1_199' title='bbox 349 3512 708 3576; x_wconf 79' lang='lat' dir='ltr'><strong>mandandis</strong></span> <span class='ocrx_word' id='word_1_200' title='bbox 733 3520 840 3578; x_wconf 88' lang='lat' dir='ltr'><strong>aut</strong></span> <span class='ocrx_word' id='word_1_201' title='bbox 865 3513 1270 3598; x_wconf 88' lang='lat' dir='ltr'><strong>divulgandis‚</strong></span> <span class='ocrx_word' id='word_1_202' title='bbox 1305 3520 1521 3592; x_wconf 90' lang='lat' dir='ltr'><strong>cetera,</strong></span> <span class='ocrx_word' id='word_1_203' title='bbox 1560 3536 1630 3576; x_wconf 94' lang='lat' dir='ltr'><strong>ea</strong></span> <span class='ocrx_word' id='word_1_204' title='bbox 1652 3514 1857 3578; x_wconf 89' lang='lat' dir='ltr'><strong>omnia</strong></span> <span class='ocrx_word' id='word_1_205' title='bbox 1885 3515 1950 3578; x_wconf 91' lang='lat' dir='ltr'><strong>in</strong></span> <span class='ocrx_word' id='word_1_206' title='bbox 1980 3513 2259 3599; x_wconf 87' lang='lat' dir='ltr'><strong>Epistola</strong></span> <span class='ocrx_word' id='word_1_207' title='bbox 2289 3514 2355 3578; x_wconf 91' lang='grc' dir='ltr'>Π</span> 
     </span>
     <span class='ocr_line' id='line_1_26' title="bbox 351 3630 2356 3718; baseline 0.001 -24"><span class='ocrx_word' id='word_1_208' title='bbox 351 3631 570 3714; x_wconf 88' lang='lat' dir='ltr'><strong>partim</strong></span> <span class='ocrx_word' id='word_1_209' title='bbox 618 3630 860 3695; x_wconf 84' lang='lat' dir='ltr'><strong>brevius</strong></span> <span class='ocrx_word' id='word_1_210' title='bbox 905 3639 1276 3715; x_wconf 87' lang='lat' dir='ltr'><strong>tanguntur,</strong></span> <span class='ocrx_word' id='word_1_211' title='bbox 1323 3631 1544 3718; x_wconf 90' lang='lat' dir='ltr'><strong>partim</strong></span> <span class='ocrx_word' id='word_1_212' title='bbox 1591 3631 1894 3716; x_wconf 88' lang='lat' dir='ltr'><strong>copiosius</strong></span> <span class='ocrx_word' id='word_1_213' title='bbox 1926 3637 2356 3696; x_wconf 81' lang='lat' dir='ltr'><strong>contexuntur.</strong></span> 
     </span>
     <span class='ocr_line' id='line_1_27' title="bbox 350 3748 2360 3828; baseline 0.001 -15"><span class='ocrx_word' id='word_1_214' title='bbox 350 3748 634 3814; x_wconf 87' lang='lat' dir='ltr'><strong>Ceterum</strong></span> <span class='ocrx_word' id='word_1_215' title='bbox 678 3773 879 3815; x_wconf 86' lang='lat' dir='ltr'><strong>rerum</strong></span> <span class='ocrx_word' id='word_1_216' title='bbox 926 3749 1200 3814; x_wconf 88' lang='lat' dir='ltr'><strong>ordinem</strong></span> <span class='ocrx_word' id='word_1_217' title='bbox 1233 3758 1294 3814; x_wconf 90' lang='lat' dir='ltr'><strong>et</strong></span> <span class='ocrx_word' id='word_1_218' title='bbox 1339 3750 1551 3814; x_wconf 90' lang='lat' dir='ltr'><strong>stilum</strong></span> <span class='ocrx_word' id='word_1_219' title='bbox 1596 3750 1648 3814; x_wconf 88' lang='lat' dir='ltr'><strong>si</strong></span> <span class='ocrx_word' id='word_1_220' title='bbox 1693 3750 1967 3814; x_wconf 88' lang='lat' dir='ltr'><strong>attendas</strong></span> <span class='ocrx_word' id='word_1_221' title='bbox 1984 3799 2003 3828; x_wconf 93' lang='lat'>‚</span> <span class='ocrx_word' id='word_1_222' title='bbox 2038 3756 2131 3816; x_wconf 90' lang='lat' dir='ltr'><strong>est</strong></span> <span class='ocrx_word' id='word_1_223' title='bbox 2152 3773 2360 3815; x_wconf 89' lang='lat' dir='ltr'><strong>revera</strong></span> 
     </span>
     <span class='ocr_line' id='line_1_28' title="bbox 351 3868 2361 3954; baseline 0.001 -24"><span class='ocrx_word' id='word_1_224' title='bbox 351 3868 586 3953; x_wconf 86' lang='lat' dir='ltr'><strong>farrago</strong></span> <span class='ocrx_word' id='word_1_225' title='bbox 631 3868 1003 3933; x_wconf 89' lang='lat' dir='ltr'><strong>discordium</strong></span> <span class='ocrx_word' id='word_1_226' title='bbox 1047 3892 1246 3933; x_wconf 87' lang='lat' dir='ltr'><strong>rerum</strong></span> <span class='ocrx_word' id='word_1_227' title='bbox 1263 3918 1282 3948; x_wconf 88' lang='lat'>‚</span> <span class='ocrx_word' id='word_1_228' title='bbox 1331 3876 1394 3934; x_wconf 87' lang='lat' dir='ltr'><strong>et</strong></span> <span class='ocrx_word' id='word_1_229' title='bbox 1439 3891 1593 3953; x_wconf 89' lang='lat' dir='ltr'><strong>quae</strong></span> <span class='ocrx_word' id='word_1_230' title='bbox 1625 3868 1700 3933; x_wconf 95' lang='lat' dir='ltr'><strong>de</strong></span> <span class='ocrx_word' id='word_1_231' title='bbox 1731 3868 2119 3954; x_wconf 86' lang='lat' dir='ltr'><strong>philosophia</strong></span> <span class='ocrx_word' id='word_1_232' title='bbox 2150 3869 2361 3932; x_wconf 90' lang='lat' dir='ltr'><strong>dicun-</strong></span> 
     </span>
    </p>
   </div>
   <div class='ocr_carea' id='block_1_4' title="bbox 364 4051 722 4063">
    <p class='ocr_par' dir='ltr' id='par_1_5' title="bbox 364 4051 722 4063">
     <span class='ocr_line' id='line_1_29' title="bbox 364 4051 722 4063; baseline 0 0"><span class='ocrx_word' id='word_1_233' title='bbox 364 4051 722 4063; x_wconf 95' lang='lat' dir='ltr'><strong> </strong></span> 
     </span>
    </p>
   </div>
   <div class='ocr_carea' id='block_1_5' title="bbox 357 4154 2359 4317">
    <p class='ocr_par' dir='ltr' id='par_1_6' title="bbox 357 4154 2359 4317">
     <span class='ocr_line' id='line_1_30' title="bbox 422 4154 2359 4224; baseline -0.002 -16"><span class='ocrx_word' id='word_1_234' title='bbox 422 4160 470 4220; x_wconf 91' lang='lat'><strong>1)</strong></span> <span class='ocrx_word' id='word_1_235' title='bbox 507 4159 583 4208; x_wconf 83' lang='lat' dir='ltr'><strong>Ita</strong></span> <span class='ocrx_word' id='word_1_236' title='bbox 615 4161 845 4224; x_wconf 85' lang='lat' dir='ltr'><strong>putarunt</strong></span> <span class='ocrx_word' id='word_1_237' title='bbox 879 4155 1097 4215; x_wconf 86' lang='lat' dir='ltr'><strong>Boeckh,</strong></span> <span class='ocrx_word' id='word_1_238' title='bbox 1133 4156 1317 4205; x_wconf 81' lang='lat' dir='ltr'><strong>Grimm</strong></span> <span class='ocrx_word' id='word_1_239' title='bbox 1353 4160 1402 4205; x_wconf 85' lang='lat' dir='ltr'><strong>et</strong></span> <span class='ocrx_word' id='word_1_240' title='bbox 1436 4157 1695 4215; x_wconf 86' lang='lat' dir='ltr'><strong>Salomon,</strong></span> <span class='ocrx_word' id='word_1_241' title='bbox 1738 4154 1820 4219; x_wconf 83' lang='lat' dir='ltr'><strong>qui</strong></span> <span class='ocrx_word' id='word_1_242' title='bbox 1852 4155 1975 4219; x_wconf 79' lang='lat' dir='ltr'><strong>Epp.</strong></span> <span class='ocrx_word' id='word_1_243' title='bbox 2010 4155 2109 4202; x_wconf 81' lang='lat' dir='ltr'><strong>vu</strong></span> <span class='ocrx_word' id='word_1_244' title='bbox 2146 4159 2195 4204; x_wconf 85' lang='lat' dir='ltr'><strong>et</strong></span> <span class='ocrx_word' id='word_1_245' title='bbox 2231 4155 2359 4204; x_wconf 87' lang='lat' dir='ltr'><strong>VIII</strong></span> 
     </span>
     <span class='ocr_line' id='line_1_31' title="bbox 357 4251 1835 4317; baseline -0.005 -11"><span class='ocrx_word' id='word_1_246' title='bbox 357 4257 504 4306; x_wconf 85' lang='lat' dir='ltr'><strong>eidem</strong></span> <span class='ocrx_word' id='word_1_247' title='bbox 541 4255 757 4304; x_wconf 84' lang='lat' dir='ltr'><strong>tribuunt</strong></span> <span class='ocrx_word' id='word_1_248' title='bbox 789 4253 988 4303; x_wconf 76' lang='lat' dir='ltr'><strong>auctori.</strong></span> <span class='ocrx_word' id='word_1_249' title='bbox 1034 4253 1110 4301; x_wconf 82' lang='lat' dir='ltr'><strong>Of.</strong></span> <span class='ocrx_word' id='word_1_250' title='bbox 1148 4252 1313 4302; x_wconf 88' lang='lat' dir='ltr'><strong>Herm.</strong></span> <span class='ocrx_word' id='word_1_251' title='bbox 1353 4269 1402 4317; x_wconf 88' lang='lat' dir='ltr'><strong>p.</strong></span> <span class='ocrx_word' id='word_1_252' title='bbox 1437 4253 1551 4302; x_wconf 82' lang='lat'><strong>592.</strong></span> <span class='ocrx_word' id='word_1_253' title='bbox 1588 4255 1688 4302; x_wconf 81' lang='lat' dir='ltr'><strong>not.</strong></span> <span class='ocrx_word' id='word_1_254' title='bbox 1724 4251 1835 4300; x_wconf 81' lang='lat'><strong>215.</strong></span> 
     </span>
    </p>
   </div>
   <div class='ocr_carea' id='block_1_6' title="bbox 2085 4347 2124 4404">
    <p class='ocr_par' dir='ltr' id='par_1_7' title="bbox 2085 4347 2124 4404">
     <span class='ocr_line' id='line_1_32' title="bbox 2085 4347 2124 4404; baseline 0 0"><span class='ocrx_word' id='word_1_255' title='bbox 2085 4347 2124 4404; x_wconf 88' lang='lat'>2</span> 
     </span>
    </p>
   </div>
  </div>
 </body>
</html>
