3092 5084
1533 503 1655 565 148

580 721 818 799 promta
864 721 1009 777 sunt
1054 736 1087 778 e
1117 711 1289 776 libris
1320 711 1397 775 de
1426 710 1733 795 LegibUS,
1769 712 1990 796 partim
2024 734 2055 775 e
2088 710 2243 777 libro
2276 711 2338 791 I,
2372 736 2432 798 p.
2471 716 2592 779 647

581 834 637 895 A
684 832 767 910 B,
818 832 926 895 ubi
972 830 1343 907 ostenditur,
1388 826 1699 916 quodnam
1747 830 1825 893 sit
1870 830 2194 895 discrimen
2228 832 2388 896 inter
2409 832 2598 913 φόβον

578 958 639 1014 et
708 951 843 1015 οιῖδῶ
906 958 967 1014 et
1012 948 1161 1034 quid
1208 956 1540 1032 utrumque
1581 948 1659 1011 ad
1715 948 2079 1013 erudiendos
2133 951 2409 1014 homines
2458 973 2596 1015 con-

574 1069 762 1147 ferat,
814 1079 875 1131 et
919 1090 951 1133 e
996 1067 1153 1132 libro
1201 1066 1339 1145 III,
1390 1091 1449 1152 p.
1502 1069 1842 1145 698-99,
1893 1068 2000 1132 ubi
2047 1068 2123 1131 de
2171 1070 2384 1153 priscis
2411 1070 2599 1136 Athe-

574 1186 888 1251 niensibus
942 1186 1170 1251 dicitur
1214 1190 1297 1271 (p.
1324 1168 1475 1249 ‘698
1523 1185 1633 1271 B):
1685 1186 1948 1258 δεσπότις
1990 1188 2114 1261 ἐνῆν
2161 1211 2248 1255 τις
2295 1188 2460 1261 αἰδὼς
2478 1237 2496 1270 ,
2531 1188 2598 1252 δι’

570 1302 634 1382 ἣν
674 1306 1029 1379 δουλεύοντες
1077 1312 1193 1378 τοῖς
1240 1306 1377 1370 τότε
1422 1305 1608 1381 νόμοις
1655 1304 1754 1387 ζῆν
1785 1306 2074 1382 ἠθέλομεν.
2127 1279 2205 1369 'et
2241 1329 2302 1391 p.
2339 1308 2465 1369 699
2501 1305 2591 1370 C:

573 1426 781 1507 φιλίαν
826 1426 1101 1499 ἀλλήλων
1148 1425 1380 1489 ἐνεποίει
1426 1426 1453 1491 ὂ
1498 1424 1688 1507 φόβος
1733 1426 1760 1489 ὃ
1806 1424 1940 1489 τότε
1987 1426 2178 1504 ποορὼν
2219 1422 2254 1489 δ’
2285 1426 2338 1489 τ’
2383 1428 2446 1491 ἐκ
2486 1432 2596 1491 τῶν

573 1544 757 1622 νόμων
802 1550 911 1608 τῶν
958 1544 1271 1622 ἔμπροσθεν
1316 1544 1572 1620 γεγονὼς
1598 1592 1612 1607 .
1643 1594 1658 1608 .
1688 1594 1701 1608 .
1753 1540 1814 1619 ἣν
1866 1543 2002 1607 οοίδῶ
2049 1518 2336 1614 πολλάκις
2386 1545 2443 1608 ἐν
2477 1551 2596 1614 τοῖς

576 1660 691 1727 ἄνω
721 1664 917 1739 λόγως
964 1662 1201 1740 εἴπομεν
1220 1640 1252 1725 .’
1284 1662 1506 1747 partim
1546 1684 1578 1726 e
1609 1654 1768 1725 libro
1801 1660 1913 1741 IV,
1947 1686 2005 1747 p.
2038 1664 2161 1727 715
2199 1662 2438 1740 A—D,
2491 1662 2597 1725 ubi

577 1780 755 1858 dicit,
805 1781 1166 1865 plerumque
1210 1781 1340 1844 fieri
1386 1788 1459 1844 ut
1504 1781 1613 1865 qui
1659 1803 1692 1843 e
1737 1780 1898 1845 bello
1943 1781 2040 1845 vel
2088 1803 2118 1844 e
2166 1780 2447 1845 civilibus
2480 1780 2598 1845 clis-

576 1897 793 1962 cordiis
840 1898 1095 1962 victores
1143 1898 1513 1976 exstiterint,
1577 1898 1622 1961 ii
1655 1898 1827 1961 victis
1859 1898 2010 1962 tales
2043 1898 2364 1985 imponant
2392 1898 2558 1983 leges
2575 1950 2594 1977 ,

574 2015 799 2103 quibus
874 2016 1113 2101 imperii
1173 2016 1642 2101 participatione
1705 2024 1764 2080 et
1827 2016 2314 2101 magistratibus·
2347 2038 2596 2101 prorsus

571 2136 1005 2215 excludantur3
1054 2136 1241 2201 talem
1264 2144 1491 2201 autem
1537 2137 1908 2222 reipublicae
1953 2138 2250 2203 rationem
2273 2160 2396 2202 non
2430 2110 2625 2201 πολι-ι

572 2256 765 2337 τείοιν,
816 2254 923 2320 sed
967 2257 1176 2342 potius
1222 2241 1607 2322 στασιεοτείοον
1653 2256 2138 2341 nuncupandum
2187 2280 2348 2336 esse,
2403 2279 2596 2341 quum

575 2376 641 2441 in
702 2378 969 2459 πολιτείᾳ
1026 2376 1191 2459 leges
1245 2374 1529 2441 omnibus
1577 2376 1914 2461 aequaliter
1975 2376 2298 2440 consulant
2365 2398 2596 2447 omnes-

578 2517 695 2580 que
738 2504 867 2559 tam
912 2496 1278 2579 imperantes
1326 2518 1511 2579 quam
1558 2494 1790 2559 subditi
1835 2495 2040 2581 legum
2082 2496 2237 2571 servi
2268 2497 2423 2574 sint,
2474 2517 2598 2558 una

574 2612 673 2677 lex
740 2614 1013 2677 omnium
1074 2614 1155 2676 sit
1210 2612 1472 2677 domina.
1568 2612 1745 2693 Quae
1806 2622 2008 2677 autem
2065 2612 2594 2699 epistolographus

575 2730 671 2793 his
734 2724 1086 2815 subjungit,
1150 2752 1359 2793 vereor
1403 2753 1482 2794 ne
1528 2752 1718 2815 aeque
1765 2754 1801 2794 a
1845 2730 2118 2795 Platonis
2163 2739 2370 2795 mente
2414 2739 2596 2816 atque

576 2871 611 2913 a
679 2850 982 2935 praesenti
1050 2848 1479 2934 Syracusarum
1549 2856 1612 2912 et
1679 2849 1918 2913 Siciliae
1981 2850 2330 2917 conditione
2400 2849 2598 2914 aliena

576 2968 719 3031 sint.
762 2967 803 3030 J
806 2967 954 3033 ubet
968 2968 1225 3031 victores
1250 2992 1455 3032 rerum
1478 2970 1706 3054 potitos
1731 2972 1938 3041 αὐτοὺς
1957 2970 2013 3035 ἐν
2038 2972 2232 3042 αὑτοῖς
2248 2956 2457 3050 ἄνδρας
2470 2994 2598 3049 προ-

573 3092 755 3165 κρῖναι
794 3092 905 3149 τῶν
944 3083 1167 3161 ἄλλων,
1190 3084 1281 3157 οὓς
1306 3084 1377 3150 ἂν
1400 3086 1793 3152 πυνθάνωνται
1825 3088 2088 3167 ἀρίστους
2117 3086 2282 3159 ὄντας
2303 3108 2316 3122 ·
2342 3126 2432 3137 —--
2451 3090 2597 3163 (ἐριθ-

572 3202 680 3281 μὸν
718 3200 763 3266 δ’
788 3198 930 3267 εἶναι
970 3203 1034 3287 (f.
1070 3203 1111 3267 l.
1153 3204 1232 3283 δ’,
1262 3200 1421 3283 οἶμαι
1437 3207 1481 3289 ,)
1506 3204 1818 3287 μυριάνδρῳ
1839 3205 2005 3269 πόλει
2029 3208 2386 3280 πενῗτήκοντοο
2410 3206 2594 3269 inmo}

579 3326 849 3386 τοιοῦτοι·
867 3322 1065 3386 -his
1091 3330 1295 3386 autem
1320 3323 1608 3387 mandare
1631 3324 1830 3401 νόμους
1862 3328 2054 3391 θεῖναι,
2089 3324 2310 3389 Beatos
2328 3324 2596 3409 profecto

573 3440 830 3504 victores
878 3439 1016 3504 illos
1050 3448 1326 3525 putasset
1354 3441 1531 3506 Plato
1549 3492 1568 3521 ,
1609 3443 1660 3506 si
1686 3443 1753 3506 in
1785 3465 1895 3506 suo
1928 3465 2180 3507 numero
2205 3443 2389 3527 (αὐτοὶ
2415 3446 2471 3508 ἐν
2496 3444 2600 3507 0⁶13-

574 3560 717 3641 τοῖς)
735 3558 1079 3641 potuissent
1114 3562 1472 3634 πεντήκοντα
1496 3562 1800 3639 νομοθέταις
1817 3562 2089 3625 invenire
2103 3589 2121 3639 3
2151 3572 2381 3645 quanto
2397 3563 2596 3626 maius

575 3674 833 3739 totidem
872 3658 1141 3761 reperire-
1166 3679 1273 3762 qui
1304 3680 1368 3742 in
1400 3702 1860 3765 ununaquaque
1891 3680 2202 3762 μυριάνδρῳ
2233 3682 2399 3747 πόλει
2431 3682 2595 3766 leges

573 3794 805 3859 darent.
844 3795 983 3881 Ipse
1008 3798 1373 3862 existimavit
1402 3822 1607 3863 veram
1639 3801 1901 3864 civitatis
1933 3800 2368 3885 gubernandae
2398 3811 2591 3865 artem

574 3912 701 3993 περὶ
748 3910 849 3977 ἕνκ
880 3916 1011 3979 τινὰ
1050 3916 1150 3979 καὶ
1196 3916 1290 3980 δύο
1335 3916 1433 3981 καὶ
1482 3917 1864 3982 παντάπασιν
1903 3918 2130 3995 ὀλίγους
2156 3919 2418 4004 positam
2442 3942 2589 3983 esse.

578 4030 819 4095 Politic.
867 4054 927 4117 p.
978 4034 1105 4096 293
1148 4034 1225 4098 A.
1319 4034 1525 4119 Atque
1571 4036 1633 4099 in
1681 4036 1850 4099 libris
1883 4036 1958 4100 de
1987 4035 2256 4121 Legibus
2288 4058 2593 4121 nusquam

580 4168 775 4213 sermo
846 4158 938 4214 est
1009 4151 1131 4216 nisi
1198 4149 1273 4214 de
1335 4155 1802 4236 11110’νομοθε’τι,ι,
1867 4156 1974 4239 qui
2019 4177 2130 4219 sua
2173 4155 2490 4222 voluntate
2537 4164 2596 4219 et

574 4268 825 4333 scientia
870 4268 1093 4335 duetus
1136 4270 1299 4354 leges
1341 4270 1565 4335 condat
1610 4279 1671 4337 et
1717 4274 2022 4337 civitatem
2069 4274 2384 4350 instituat3
2434 4297 2484 4338 e.
2533 4298 2592 4358 g.
