3092 5084
1404 491 1525 550 221

448 702 773 780 voluisset,
824 703 1163 786 scripsisset
1208 699 1457 776 saltem,
1507 697 1755 782 opinor:
1782 695 2042 777 καθάπερ
2065 699 2122 761 ἐν
2145 702 2280 767 ταῖς
2301 693 2465 760 Πλα-

448 847 617 894 τωνος
641 822 985 902 διαιρέσεσιν.
1036 819 1193 883 Cum
1218 818 1335 882 hoc
1359 818 1674 901 congruit,
1703 817 1867 900 quod
1889 817 2051 902 fugit
2075 814 2462 880 Brandisium

453 948 514 1005 et
536 940 909 1005 Suckovium
922 989 939 1018 ,
968 937 1132 1023 quod
1158 937 1624 1002 commentarius
1651 936 1861 999 eodem
1883 935 2070 999 titulo
2096 944 2166 998 ut
2191 932 2466 998 Platonis

454 1063 677 1124 citatur
722 1061 788 1124 in
834 1058 990 1123 Plat.
1024 1057 1222 1146 Epist.
1249 1055 1449 1134 XIII,
1476 1079 1535 1140 p.
1565 1057 1692 1119 360
1720 1055 1805 1118 B:
1833 1062 1944 1120 τῶν
1978 1080 2046 1119 τε
2075 1055 2469 1132 Πυθαγορείων

454 1179 670 1257 πέμπω
716 1204 798 1244 σοι
844 1202 941 1242 και
972 1183 1101 1243 τῶν
1154 1175 1590 1256 διαιρέσεωνι
1641 1196 1784 1258 ergo
1830 1173 1976 1238 huic
2009 1196 2254 1258 quoque
2286 1173 2469 1257 scrip-

455 1299 573 1362 tori
632 1297 903 1361 innotuit
954 1296 1108 1360 liber
1153 1295 1443 1374 διαιρέσεις
1491 1273 1841 1377 inscriptus⁸
1869 1291 2114 1356 Platoni
2159 1291 2428 1356 tributus
2445 1317 2464 1366 ;

457 1437 643 1498 quare
681 1413 947 1478 dubitari
976 1412 1153 1477 credo
1187 1393 1312 1475 non
1343 1434 1549 1496 posse,
1585 1412 1736 1496 quin
1768 1411 1882 1474 sub
1916 1411 2190 1475 Platonis
2221 1411 2467 1474 nomine

441 1533 595 1596 =talis
642 1532 1113 1596 commentarius
1162 1531 1307 1595 olim
1355 1531 1420 1595 in
1466 1531 1797 1594 Academia
1841 1539 2026 1594 notus
2073 1530 2276 1594 fuerit.

548 1651 644 1714 Ad
705 1651 964 1716 eundem
1017 1649 1295 1714 libellum
1342 1657 1612 1734 spectare
1657 1649 1811 1713 mihi
1840 1648 2085 1713 videtur
2109 1647 2468 1712 Aristoteles

456 1770 731 1856 Metaph.
780 1769 907 1848 IV,
960 1772 1079 1848 ll,
1138 1792 1198 1853 p.
1254 1771 1420 1832 1019
1472 1771 1564 1847 A,
1614 1769 1723 1832 ubi
1769 1791 1953 1853 agens
1987 1768 2062 1832 de
2093 1769 2258 1832 vario
2292 1767 2475 1852 signi·

458 1889 642 1952 ficatu
701 1888 1137 1952 vocabulorum
1198 1887 1445 1968 πρότερα
1500 1894 1562 1950 et
1622 1884 1868 1970 ὕστερα,
1935 1887 2084 1950 haec
2141 1885 2344 1950 addit:
2391 1887 2474 1950 τα

458 2008 565 2084 μὲν
612 2007 678 2081 δὴ
722 2005 864 2071 οὕτω
914 2006 1066 2097 (scil.
1117 2013 1189 2071 ut
1233 2006 1299 2069 in
1347 2005 1711 2090 praegressis
1756 2006 1991 2090 monui)
2023 2005 2322 2083 λεγόμενα
2347 2007 2476 2084 πρό-

460 2151 600 2207 τερα
652 2126 749 2192 καὶ
798 2123 1043 2207 ὕστερα,
1089 2127 1171 2190 τα
1216 2126 1275 2190 δὲ
1321 2125 1481 2190 κατὰ
1518 2125 1696 2206 φύσιν
1719 2124 1814 2189 καὶ
1843 2125 2074 2200 οὐσίαν,
2103 2175 2117 2190 .
2147 2176 2162 2190 .
2191 2176 2206 2190 .
2242 2122 2278 2205 ᾖ
2304 2124 2472 2190 διαι-

464 2246 653 2324 ρέσει
701 2243 995 2324 ἐχρήσατο
1040 2243 1324 2308 Πλάτωνι
1369 2242 1431 2306 h.
1490 2265 1540 2306 e.
1573 2238 1627 2305 'a
1671 2243 1926 2306 Platone
1972 2243 2218 2322 πρότερα
2262 2249 2476 2306 vocata

466 2385 595 2427 esse
650 2364 784 2426 κατ’
838 2349 1065 2443 οὐσίανξ
1116 2362 1155 2425 i.
1205 2384 1257 2425 e.
1304 2363 1385 2425 τα
1434 2359 1603 2436 ὄντας
1645 2358 1858 2442 ὕστερα
1903 2369 2108 2425 autem
2155 2362 2316 2425 κατὰ
2359 2361 2476 2444 φύ-

467 2507 587 2555 σιν,
652 2481 693 2545 i.
744 2504 795 2544 e.
859 2482 940 2546 τὰ
985 2478 1261 2559 γεννητα.
1356 2479 1531 2560 Quae
1590 2480 1939 2565 conspirant
2002 2501 2140 2543 cum
2199 2479 2274 2543 iis
2322 2501 2477 2563 quae

467 2602 755 2685 leguntur
812 2600 878 2663 in
923 2599 1204 2676 Timaeo,
1268 2599 1377 2663 ubi
1421 2599 1503 2664 τα
1550 2601 1795 2673 xio-enni
1841 2599 2094 2678 δεύτερον
2142 2606 2352 2663 tenent
2397 2599 2484 2662 lo-

471 2743 633 2784 cum.
684 2717 826 2782 Vid.
874 2718 1029 2782 Tim.
1079 2742 1139 2803 p.
1192 2719 1273 2780 52
1322 2719 1399 2780 A.

562 2835 734 2916 Quid
796 2842 998 2900 autem
1058 2834 1199 2899 illae
1276 2834 1565 2914 διαιρέσεις
1627 2805 2042 2899 continuerint
2088 2835 2185 2898 vel
2231 2857 2303 2899 ex
2349 2837 2482 2922 ipso

468 2955 762 3019 vocabulo
824 2954 1053 3018 efficere
1112 2954 1275 3018 licet.
1368 2951 1644 3016 Fuerunt
1676 2954 2064 3036 partitionem,
2115 2954 2340 3038 quibus
2385 2979 2483 3020 res
2520 2989 2554 3004 κ

469 3075 533 3138 iu
582 3074 817 3138 diversa
861 3096 1115 3158 genera,
1165 3073 1424 3157 speciem,
1474 3072 1728 3150 classes,
1777 3073 2037 3158 gradus,
2087 3075 2266 3138 certis
2314 3097 2486 3140 voca-

472 3194 633 3257 bulis
696 3192 1043 3277 designata,
1108 3191 1541 3255 dividerentur.
1581 3193 1628 3274 1)
1736 3191 1939 3272 Quam
2000 3193 2183 3257 utiles
2247 3196 2368 3258 sint
2428 3203 2488 3258 et

472 3313 839 3376 necessariae
902 3310 1244 3375 istiusmodi
1319 3312 1676 3395 partitiones
1746 3311 1822 3375 ad
1863 3313 2095 3396 justam
2142 3337 2344 3377 rerum
2391 3335 2486 3377 co-

472 3431 849 3515 gnitionem,
899 3429 983 3493 in.
1009 3428 1287 3492 Phaedro
1335 3428 1510 3493 docet
1561 3401 1870 3508 Socrates,
1919 3455 1978 3516 p.
2032 3434 2156 3494 265
2207 3453 2330 3515 sq.,
2379 3431 2489 3498 ubi

472 3532 603 3634 ipse
648 3549 860 3613 τούτων
903 3553 1013 3612 τῶν
1059 3548 1373 3627 διαιρέσεων
1417 3549 1516 3613 καὶ
1561 3547 1914 3626 ξυναγωγῶν
1963 3519 2208 3629 ἐραστὴν
2254 3573 2317 3614 se
2357 3572 2493 3634 pro-

474 3667 683 3730 fitetur
728 3669 809 3751 (p.
862 3667 989 3728 266
1038 3665 1133 3749 B).
1226 3665 1459 3730 Eodem
1506 3689 1688 3731 sensu
1732 3667 2049 3731 rhetorum
2093 3667 2236 3731 libri
2284 3668 2358 3732 de
2406 3675 2493 3730 to·

476 3786 627 3871 picis
675 3785 1047 3850 vocabantur
1093 3785 1381 3865 διαιρέσεις
1407 3786 1483 3870 2);
1532 3787 1677 3851 item
1725 3787 1788 3849 in
1836 3786 2090 3850 historia
2137 3786 2493 3850 animalium

552 4089 596 4150 l)
633 4089 738 4138 Hoc
790 4105 931 4137 sensu
983 4088 1215 4137 vocabulo
1252 4090 1402 4138 utitur
1442 4089 1576 4138 Plato
1611 4090 1818 4154 Sophist.
1855 4107 1900 4156 p.
1939 4091 2034 4139 253
2071 4090 2110 4138 C
2130 4129 2143 4147 ,
2181 4089 2276 4138 264
2313 4089 2377 4137 C:
2414 4100 2500 4139 τῶν
2572 4094 2576 4098 ’

347 4149 361 4160 ⁶
382 4171 399 4188 ’
482 4189 586 4236 κατ’
620 4185 715 4242 εἴδη
750 4185 1019 4254 διαιρέσεων.

552 4281 599 4340 2)
639 4279 745 4328 vid.
780 4278 973 4328 Ernesti
1006 4279 1210 4328 Lexicon
1245 4280 1531 4344 Technolog.
1569 4281 1616 4328 in
1653 4297 1778 4328 voce.
