3092 5084
1388 531 1469 591 99

420 737 506 801 cit
551 758 694 821 ergo
740 736 889 800 hoc:
948 742 1109 800 tuum
1166 736 1327 799 ilbud
1379 736 1441 797 in
1492 758 1580 799 me
1625 735 1990 817 opprobrium
2033 758 2186 799 nunc
2231 758 2301 799 ea·
2351 736 2440 799 ob·-

419 874 585 919 ,ει-ατο
638 856 858 919 clarum
900 855 1143 941 factum
1189 860 1275 918 est
1287 882 1315 929 ,⁹
1360 852 1525 937 quod
1575 854 1720 917 satis
1767 854 2206 931 αἰνιγματωδῶς
2251 876 2438 917 enun-

418 972 638 1037 tiatum
675 981 785 1037 est.
832 971 1071 1059 Opinoi·
1112 973 1465 1057 scriptorem
1510 971 1628 1035 hoc
1657 971 1845 1035 velle:
1889 971 2098 1055 „quod
2131 980 2440 1036 contume-

418 1093 568 1157 liose
614 1093 677 1156 in
724 1116 856 1170 me,
904 1099 977 1157 ut
1021 1092 1314 1177 putabas,
1361 1092 1608 1155 locutus
1657 1114 1754 1168 eS,
1801 1112 1967 1155 nunc
2016 1098 2270 1176 apparet
2301 1112 2438 1175 con-

418 1211 735 1275 tumeliam
795 1211 982 1275 fuisse
1043 1232 1167 1275 non
1228 1210 1292 1273 in
1352 1232 1485 1288 me,
1551 1209 1656 1273 sed
1719 1210 1784 1273 in
1839 1217 1901 1273 te
1946 1210 2148 1294 ipsum
2165 1209 2226 1287 ;’'
2273 1209 2334 1273 h.
2384 1232 2435 1273 e.

420 1329 732 1407 „derisisti
792 1332 895 1404 τὴν
956 1331 1098 1407 ἐμὴν
1158 1329 1461 1411 παιδείαν,
1523 1350 1690 1391 nunc
1757 1334 1866 1390 tua
1923 1327 2279 1392 ἀπαιδευσία
2325 1326 2439 1391 tibi

419 1447 685 1512 ludibrio
749 1456 841 1512 est
854 1448 917 1527 ,”
976 1448 1265 1512 nimirum
1326 1446 1403 1511 ob
1466 1447 1628 1511 mala
1681 1447 1808 1531 jam
1871 1446 1985 1510 tibi
2037 1446 2435 1510 imminentia.

422 1566 585 1651 Ergo
629 1566 758 1647 ὄναρ
804 1575 1036 1652 spectat
1081 1567 1158 1631 ad
1200 1570 1273 1639 ὡς
1318 1566 1453 1650 ᾤου,
1489 1566 1554 1630 id
1586 1565 1753 1650 quod
1782 1565 2040 1650 putabat
2071 1564 2434 1651 Dionysius,

420 1684 574 1765 ὕπαρ
620 1686 699 1750 ad
745 1694 1047 1750 eventum.
1110 1685 1503 1749 Manifestum
1553 1685 1729 1749 credo
1745 1734 1763 1762 ,
1813 1685 2164 1768 scriptorem
2181 1734 2198 1761 ,
2249 1706 2438 1767 quum

419 1805 741 1868 flosculum
788 1828 820 1868 e
866 1804 1122 1869 Platone
1168 1805 1433 1867 inserere
1458 1804 1671 1881 vellet,
1707 1804 2068 1867 sententiam
2101 1802 2436 1866 reddidisse

422 1922 762 1987 obscuram.
1327 1917 1329 1920 ⁸

508 2040 713 2105 Etiam
780 2064 935 2126 quae
998 2049 1373 2125 sequuntur:
1432 2036 1591 2112 εἶπες
1651 2041 1710 2103 δὲ
1765 2040 1864 2105 καὶ
1917 2040 2067 2117 μαλ’
2109 2040 2434 2110 ἀπλάστως

420 2168 609 2237 γελῶν
627 2211 645 2233 ,
717 2160 766 2225 -εἱ
849 2140 1155 2238 μέμνημαι
1230 2162 1302 2231 ὡς
1364 2158 1742 2223 παιδευθέντα
1803 2183 1882 2235 με
1943 2158 2199 2229 ἐκέλευες
2259 2166 2434 2223 ποιεῖν

420 2280 622 2345 πάντα
682 2286 883 2345 ταῦτα
961 2278 995 2356 ἢ
1064 2282 1147 2357 μὴ
1217 2287 1392 2345 ποιεῖν
1406 2330 1427 2355 ,
1497 2300 1711 2363 parum
1783 2259 2047 2342 dilucide
2117 2278 2436 2351 enuntiata

418 2406 584 2461 sunt.
676 2396 925 2461 Ficinus
970 2398 1057 2461 ita
1100 2399 1569 2481 interpretatur:
1617 2396 1915 2481 „Rogasti
1961 2402 2167 2459 autem
2211 2418 2308 2459 me
2322 2444 2340 2472 ,
2383 2395 2434 2457 si

419 2516 574 2580 bene
638 2516 788 2601 quid
846 2516 1128 2595 memini,
1186 2538 1281 2580 me
1344 2515 1624 2580 deridens
1642 2564 1660 2592 ‚
1709 2537 1788 2578 an
1833 2515 1952 2578 ista
1997 2510 2434 2599 praecepissem

1372 2634 1411 2661 >5

366 2650 375 2663 ’
420 2634 538 2699 tibi
598 2635 768 2718 quasi
830 2634 1042 2698 doctor
1102 2657 1179 2697 an
1225 2657 1368 2698 non.
1501 2632 1622 2697 Hic
1668 2633 1859 2717 igitur
1904 2631 2087 2696 verba
2131 2634 2178 2697 εἰ
2217 2631 2434 2711 μέμνη-

416 2778 527 2829 μαι
590 2775 700 2838 pro
753 2753 1098 2839 parenthesi
1158 2752 1343 2817 habet
1361 2803 1378 2831 ,
1443 2768 1479 2816 a
1522 2752 1778 2816 Platone
1824 2751 1971 2815 haec
2017 2758 2300 2814 narrante
2345 2750 2433 2817 in-

414 2872 727 2957 terposita.
799 2871 993 2955 Atqui
1038 2870 1318 2955 Dionysii
1380 2892 1505 2934 esse
1552 2870 1700 2933 haec
1754 2869 1936 2934 verba
1986 2868 2306 2933 Platonem
2344 2869 2432 2932 in-

416 2991 781 3075 terrogantis
798 3040 813 3066 ,
858 2996 1107 3075 apparet
1138 3012 1207 3054 ex
1246 2990 1432 3053 huius
1451 3010 1772 3073 responso:
1807 2986 1954 3071 ἔφην
1985 2989 2100 3065 ἐγὼ
2131 2988 2433 3052 κάλλιστα

417 3109 902 3189 μνημονεῦσαί
954 3135 1065 3174 σεε
1123 3108 1452 3193 „respondi
1510 3115 1572 3171 te
1623 3108 1852 3193 optime
1903 3130 2030 3171 rem
2068 3105 2432 3171 recordari.”

419 3228 777 3293 Obscuritas
838 3228 981 3292 inde
1041 3236 1203 3306 orta,
1265 3227 1431 3311 quod
1501 3226 1992 3311 interrogationis
2046 3226 2300 3290 formam
2347 3225 2434 3289 di-

420 3354 645 3411 rectam
692 3352 753 3411 et
794 3347 1153 3412 indirectam
1186 3346 1449 3410 miscuit.
1520 3345 1766 3409 Directe
1798 3345 1884 3408 sic
1916 3344 2199 3409 dixisset:
2235 3340 2392 3416 εἶπες
2411 3393 2427 3424 ,

420 3460 537 3546 ἆρα
591 3465 918 3550 μέμνησαι,
976 3469 1048 3537 ὥς
1105 3504 1195 3514 --
1252 3490 1333 3543 με
1376 3464 1632 3536 ἐκέλευες
1651 3514 1667 3545 ,
1715 3463 2002 3542 „dixistiz
2052 3463 2432 3527 meministine

420 3593 476 3649 te
533 3586 677 3650 mihi
716 3586 1061 3669 praecipere
1074 3634 1092 3662 ,
1150 3590 1216 3649 ut
1260 3587 1400 3648 haee
1425 3583 1735 3670 faeere-m’'
1781 3590 1894 3647 cet.
1957 3581 2262 3646 Indirecte
2308 3582 2426 3645 ita:

420 3700 610 3779 εἶπες,
673 3706 722 3769 εἷ
782 3705 1087 3785 μέμνημαι
1146 3706 1218 3776 ὥς
1262 3740 1353 3750 --
1398 3727 1464 3767 σε
1509 3704 1791 3784 ἐκέλευον,
1840 3702 2302 3779 „memineo-imae
2345 3722 2432 3763 me

421 3821 528 3885 tibi
574 3823 917 3905 praecipere
970 3828 1037 3885 ut
1072 3823 1213 3885 haee
1249 3821 1493 3907 faceres
1506 3870 1525 3899 ,
1589 3842 1780 3905 quum
1826 3819 2102 3888 doctrina
2155 3818 2430 3883 eruditus

421 3940 626 4006 esses?
693 3939 1037 4025 Respondi,
1088 3940 1313 4025 optime
1361 3947 1421 4017 te
1475 3938 1796 4003 recordari.
1875 3938 2180 4002 Nimirum
2239 3939 2433 4021 (repo-

421 4060 515 4122 nit
557 4059 943 4144 Dionysius),
980 4080 1170 4142 quum
1204 4057 1624 4143 geometriam,
1659 4057 1892 4134 aiebaS,
1927 4057 2178 4120 edoctus
2211 4078 2428 4131 essem,

424 4200 501 4241 an
546 4177 720 4241 aliter
736 4176 803 4240 P”
870 4177 967 4241 Ita
1012 4177 1215 4241 omnia
1260 4175 1419 4239 clare
1458 4175 1817 4260 procedunt.
1865 4175 2248 4239 Postremum
2284 4172 2428 4249 hoc,

422 4296 798 4361 παιδευθέντα
853 4302 1201 4377 γεωμετρεῖν
1218 4348 1236 4371 ‚
1293 4300 1527 4379 spectat
1573 4293 1649 4357 ad
1696 4294 1760 4357 id
1808 4294 1973 4379 quod
2021 4317 2055 4355 a
2101 4291 2432 4356 Plutarcho

2109 4410 2144 4467 7
2160 4410 2195 4446 ³*

2589 934 2598 965 t
