3092 5084
1368 518 1449 579 91

413 732 486 801 ὡς
531 726 768 803 ἀνάξιον,
805 732 905 791 τοῦ
951 726 1157 791 Πυθίου
1203 725 1301 789 καὶ
1348 726 1463 803 οὐχ
1504 722 1657 793 ὅπως
1703 723 1842 793 θεοῖς
1888 721 2029 784 ἀλλ’
2075 719 2187 784 οὐδ’
2225 717 2421 795 ἀνθρώ·

416 870 539 917 ποις
586 845 782 919 δεξιοῖς
813 816 1043 923 πρέθτον.
1092 842 1234 907 Vid.
1270 842 1557 905 Salomon
1587 841 1652 903 in
1683 840 1839 903 libro
1870 838 2036 902 laud.
2066 861 2124 922 p.
2157 838 2214 899 5.
2263 834 2426 898 Wie-

416 964 610 1049 gand,
673 987 731 1048 p.
798 965 833 1025 5
882 984 973 1047 sq.
1021 961 1229 1026 Simile
1276 961 1522 1025 initium
1569 967 1661 1024 est
1704 938 1899 1043 Epist.
1952 956 2148 1032 ΧΠΙ,
2197 954 2305 1019 ubi
2351 952 2427 1016 de

412 1083 675 1147 formula
733 1077 796 1146 εὖ
854 1082 1127 1162 πράττειν
1186 1081 1359 1144 dicit:
1423 1080 1584 1162 οὶρχή
1643 1101 1725 1143 σοι
1773 1085 1878 1152 τῆς
1924 1076 2232 1150 ἐπιστολῆς
2278 1072 2424 1139 ἔστω

414 1202 513 1266 καὶ
561 1198 697 1280 ἅμα
740 1200 1035 1279 ξύμβολον
1078 1198 1161 1264 ὅτι
1208 1202 1349 1279 παρ’
1394 1201 1534 1275 ἐμοῦ
1583 1196 1758 1292 ἐστίν.

504 1320 569 1384 Si
631 1326 835 1383 autem
896 1318 1077 1382 verba
1138 1317 1508 1381 attendimus
1526 1365 1545 1392 ,
1609 1314 1792 1378 etiam
1845 1314 1944 1377 hic
1989 1312 2318 1377 incidimus
2363 1312 2429 1376 in

414 1441 623 1517 inanes
670 1438 1059 1523 repetitiones
1104 1444 1167 1500 et
1213 1436 1522 1521 ambageS‚
1573 1432 1920 1497 cuiusmodi
1960 1439 2050 1497 est
2082 1432 2298 1495 hocce:
2341 1423 2464 1510 o'a'p'*

416 1559 615 1638 ὀρθῶς
682 1553 1139 1636 τυγχάνοιμι
1200 1562 1305 1628 τῆς
1364 1553 1682 1631 βελτίστης
1745 1552 2126 1632 προσρήσεωςς
2186 1549 2432 1613 Dicitur

416 1674 738 1756 τυγχάνειν
784 1680 885 1739 τοῦ
930 1673 1143 1739 σκόπου
1164 1725 1183 1748 ,
1232 1672 1626 1737 ferendumne
1673 1672 1856 1735 etiam
1902 1672 2061 1750 ὀρθῶς
2109 1668 2432 1750 τυγχάνειν

416 1800 519 1859 τοῦ
580 1792 833 1857 cndu-ov?
892 1790 1033 1855 Non
1097 1792 1311 1875 opinor
1324 1816 1344 1869 3
1406 1790 1586 1875 quasi
1632 1790 1738 1873 qui
1781 1790 2014 1873 tangit,
2063 1788 2256 1874 possit
2306 1810 2432 1851 non

416 1919 579 1977 recte
622 1920 885 1997 tangere.
941 1911 1151 1976 Inanis
1198 1932 1440 1993 quoque
1470 1908 1808 1992 tautologia
1839 1915 1930 1971 est
1951 1908 2018 1971 in
2041 1907 2238 1971 verbis
2262 1906 2428 1970 κατα

419 2034 521 2106 τὴν
558 2033 699 2105 ἐμὴν
744 2030 1111 2105 ξυνηθείαν
1156 2068 1246 2079 -—
1286 2027 1521 2109 ὥσπερ
1570 2026 1774 2092 εἴωθα
1819 2030 1874 2092 ἐν
1917 2034 2048 2099 ταῖς
2098 2029 2430 2098 ἐπιστολαῖς

419 2150 538 2214 κτὲ.
600 2150 719 2213 Pro
778 2149 976 2223 κλήσει
1032 2148 1586 2228 παρακελευσαίμην
1641 2144 1712 2211 ἂν
1773 2153 2182 2232 exspectasses
2229 2145 2430 2219 κλήσει

416 2269 685 2349 τοιαύτῃε
734 2269 823 2332 ita
864 2268 1026 2332 nude
1064 2267 1287 2349 ,durius
1318 2267 1587 2352 positum
1617 2274 1726 2331 est.
1776 2265 2058 2349 Denique
2089 2271 2424 2350 postrema:

419 2388 516 2453 καὶ
555 2394 751 2453 ταῦτα
789 2386 897 2465 μὲν
931 2382 1022 2453 οὖν
1060 2384 1232 2459 οὕτως
1270 2387 1496 2466 εἰρήσθω
1534 2388 1672 2466 παρ’
1709 2388 1882 2463 ἐμοῦ,
1933 2384 2269 2449 affectatam
2301 2406 2434 2468 gra-

419 2507 668 2570 vitatem
727 2504 1031 2569 redolent:
1097 2512 1241 2568 sunt
1308 2504 1511 2589 potius
1578 2503 1832 2567 oratoris
1899 2525 2098 2567 coram
2145 2502 2432 2569 concione

422 2624 679 2689 dicentis
692 2676 709 2700 ‚
760 2646 943 2707 quam
986 2623 1297 2688 familiaris
1344 2623 1420 2685 ad
1464 2622 1819 2686 familiarem
1866 2621 2202 2686 scribentis,

510 2743 653 2807 Duo
696 2743 845 2806 haec
892 2764 1047 2825 quae
1091 2742 1297 2806 notavi
1313 2792 1331 2819 ,
1398 2740 1676 2805 affectata
1719 2740 2010 2805 orationis
2057 2739 2323 2824 gravitas
2371 2746 2434 2802 et

421 2868 625 2928 tumor
668 2868 851 2945 atque
892 2861 1092 2925 inanis
1138 2868 1199 2925 et
1229 2861 1504 2944 quaesita
1533 2860 1853 2924 verborum
1885 2858 2290 2923 redundantia
2309 2908 2328 2934 ,
2364 2864 2436 2921 ut

422 2981 489 3044 in
557 2981 864 3065 superiore
930 2980 1019 3043 ita
1084 2981 1149 3045 in
1208 2980 1320 3043 hac
1376 2981 1714 3063 ceterisque
1767 2978 2041 3064 epistolis
2094 2978 2287 3042 risum
2341 2976 2439 3041 vel

426 3098 699 3162 taedium
740 3105 986 3163 movent
1024 3098 1253 3162 lectori.
1324 3098 1499 3177 Quae
1534 3121 1583 3162 e.
1611 3120 1668 3182 g.
1703 3103 1795 3160 cst
1819 3096 2112 3182 jactantia
2142 3103 2202 3159 et
2234 3102 2441 3159 tumor

426 3218 490 3281 in
554 3216 655 3280 his
718 3216 913 3280 verbis
928 3266 947 3294 ‚
1018 3216 1241 3300 quibus
1304 3216 1454 3281 dicit
1514 3237 1579 3279 se
1623 3215 1902 3299 Dionysii
1947 3214 2328 3298 aliorumque
2372 3213 2442 3276 li-

427 3336 575 3400 teris
634 3336 987 3399 arcessitum
1032 3358 1162 3399 esse
1208 3346 1281 3399 ut
1325 3336 1391 3399 in
1437 3335 1706 3399 Siciliam
1755 3334 2016 3411 veniret,
2065 3357 2126 3418 p.
2175 3335 2298 3398 317
2349 3332 2436 3395 B:

430 3452 783 3533 αἰσχύνομαι
846 3453 911 3526 δὴ
970 3454 1196 3536 λέγειν,
1263 3450 1390 3519 ὅσαι
1446 3453 1570 3518 τότ’
1617 3452 1920 3519 ἐπιστολαὶ
1984 3452 2146 3530 παρὰ
2194 3458 2294 3517 σοῦ
2340 3451 2439 3515 καὶ

426 3576 563 3651 παρ’
624 3570 819 3635 ἄλλων
882 3566 1043 3647 ἦλθον
1108 3571 1201 3637 διοὶ
1260 3598 1327 3637 σε
1372 3572 1435 3649 ἐξ
1504 3573 1764 3644 Ἰταλίας
1829 3572 1926 3636 καὶ
1982 3571 2256 3641 Σικελίας
2277 3562 2300 3645 ,’
2343 3568 2440 3633 καὶ

428 3689 564 3770 παρ’
625 3688 782 3762 ὅσους
842 3696 952 3755 τῶν
1014 3692 1163 3767 ἐμῶν
1223 3694 1431 3757 οἰκείων
1497 3691 1593 3757 καὶ
1663 3693 1828 3775 [τῶν]
1895 3691 2188 3770 γνωρίμων
2207 3742 2224 3765 ,
2286 3688 2442 3773 [καὶ]

428 3812 622 3874 πᾶσαι
682 3808 1154 3885 διακελευόμεναί
1214 3833 1308 3885 μοι
1376 3808 1516 3875 ἰέναι
1579 3807 1677 3873 καὶ
1733 3808 1997 3887 δεόμεναι
2064 3807 2149 3872 σοὶ
2212 3807 2444 3879 παντως

429 3926 533 4003 ἐμὲ
592 3927 882 3991 πείθεσθαι
914 3979 922 3987 .
972 3926 1144 3993 ἐδόκει
1191 3928 1255 4002 δὴ
1302 3931 1479 3991 πᾶσιν
1526 3926 1864 4009 ἀρξαμένοις
1908 3925 2028 3989 ozor&
2079 3926 2286 3995 Δίωνος
2334 3925 2444 3987 δεῖν

432 4048 537 4125 ἐμὲ
566 4050 821 4111 πλεῦσαι
855 4045 951 4109 καὶ
983 4049 1067 4123 μὴ
1098 4046 1575 4127 μαλθακίζεσθαι.
1611 4048 1654 4130 ι)
1699 4044 1984 4120 Ceterum
2021 4066 2145 4109 non
2177 4050 2306 4107 erat
2336 4064 2445 4106 cur

500 4219 545 4273 1)
580 4217 713 4281 Quae
749 4216 772 4282 [
803 4215 827 4281 ]
874 4216 1044 4265 inclusi
1096 4216 1263 4265 melius
1294 4217 1511 4266 abessent
1523 4237 1537 4275 3
1575 4217 1654 4264 sed
1689 4216 1830 4265 etiam
1866 4215 1913 4264 in
1954 4230 2038 4263 usu
2079 4214 2246 4263 harum
2271 4228 2446 4267 vocum

435 4299 597 4355 crebro
631 4302 827 4370 peccant
861 4298 948 4351 hae
980 4296 1240 4367 Epistulae.
