3092 5084
1360 493 1434 554 19

390 699 552 762 idem
611 707 852 784 tempus
913 701 1168 784 scriptae
1216 674 1553 784 fingantur,
1616 722 1832 784 nempe
1880 707 2017 784 post
2062 698 2393 762 discessum

387 817 662 881 Platonis
725 817 798 882 ab
859 818 1046 881 altera
1093 817 1464 902 profectione
1518 817 1596 880 ad
1657 817 2022 902 Dionysium
2077 818 2390 880 minorem.

389 935 574 1016 Quod
637 945 885 1023 apparet
945 960 1016 1003 ex
1076 959 1181 1015 eo,
1245 937 1412 1021 quod
1471 937 1648 1000 initio
1711 937 2002 1021 epistolae
2046 923 2292 1000 mentio=
2323 937 2395 998 fit

392 1053 469 1118 de
529 1054 858 1139 congressu
918 1055 1190 1119 Platonis
1253 1077 1390 1119 cum
1453 1054 1654 1118 Dione
1700 1055 1951 1139 eiusque
1996 1054 2397 1118 familiaribus

392 1173 557 1236 ludis
605 1172 906 1259 Olympiis
951 1175 1196 1252 habito,
1245 1197 1426 1258 quem
1458 1197 1849 1258 congressum
1879 1174 2082 1237 locum
2112 1173 2397 1236 habuisse

394 1301 534 1375 post
577 1291 844 1356 reditum
889 1291 1160 1356 Platonis
1209 1293 1282 1356 ab
1331 1293 1549 1356 ultimo
1579 1293 1797 1356 itinere
1827 1291 2093 1355 ostendit
2122 1291 2399 1376 Epistola

392 1407 556 1486 VII,
604 1432 663 1493 p.
715 1402 839 1473 350
889 1409 960 1474 B.
1054 1410 1216 1496 Ergo
1264 1411 1473 1475 ambae
1520 1411 1633 1475 hae
1688 1411 1978 1495 epistolae
2012 1409 2220 1472 eodem
2252 1417 2399 1472 tem-

346 1536 353 1541 '
393 1550 539 1611 pore
586 1530 842 1614 scriptae
889 1530 1238 1613 finguntur,
1299 1531 1414 1594 nisi
1472 1531 1745 1594 dicamus
1791 1529 2103 1614 Epistolae
2148 1527 2217 1591 II
2264 1550 2399 1590 auc-

317 1691 322 1695 -
393 1654 588 1712 torem
633 1649 800 1732 gravi
843 1655 1182 1733 temporum
1211 1650 1551 1732 ignorantia
1584 1649 1823 1734 lapsum
1872 1671 2018 1711 esse.
2089 1647 2431 1735 Praeterea.

395 1767 644 1831 initium
701 1765 815 1852 Ep.
864 1766 964 1831 II:
1013 1765 1172 1839 οὗτος
1226 1769 1282 1832 δὲ
1329 1769 1354 1833 ὂ
1397 1769 1572 1844 λόγος
1617 1767 1909 1844 σημαίνει,
1958 1763 2041 1831 ὅτι
2086 1768 2187 1831 οὐκ
2231 1767 2397 1846 ἄρχω

395 1891 508 1949 τῶν
533 1890 681 1962 ἐμῶν
710 1887 1035 1962 ἐπιτηδείων
1059 1888 1181 1971 (np.
1205 1887 1468 1971 Δίωνος),
1503 1909 1851 1972 expressum
1884 1893 1977 1949 est
2006 1908 2079 1948 ex
2108 1883 2396 1970 Ep.,VII,

399 2026 458 2086 p.
494 2005 616 2068 347
655 2003 706 2066 B
741 2002 825 2082 G,
858 2003 966 2067 ubi
997 2003 1172 2067 Plato
1211 2004 1502 2088 Dionysio
1528 2002 1710 2081 dicit,
1738 2002 2115 2067 conditiones
2134 2004 2401 2087 proposi·

395 2130 489 2184 tas
515 2121 589 2185 de
613 2121 928 2207 partienda
951 2123 1164 2186 Dionis
1186 2147 1251 2186 re
1275 2124 1556 2187 familiari
1588 2123 1703 2186 sibi
1734 2123 1988 2208 placere,
2022 2121 2175 2184 velle
2192 2129 2395 2186 tamen

398 2242 568 2326 prius
627 2241 889 2306 Dionem
951 2265 1054 2326 per
1113 2242 1318 2305 literas
1376 2241 1647 2306 consuli:
1716 2241 1855 2317 ἀξιῶ
1917 2242 2029 2315 μὴν
2083 2243 2167 2316 μὴ
2222 2243 2399 2320 κύριον

399 2361 668 2436 ἡγεῖσθαί
708 2385 775 2424 σε
821 2359 1027 2432 Δίωνος
1073 2361 1194 2437 ἐμέ.
1267 2361 1402 2424 Hoc
1447 2359 1693 2444 quidem
1736 2359 1871 2422 loco
1901 2358 1967 2421 id
1998 2366 2137 2442 apte
2168 2358 2397 2421 dictum

357 2495 363 2499 ·
401 2484 523 2555 est,
572 2476 678 2540 sed
717 2478 780 2540 in
814 2476 1002 2540 altera
1032 2477 1288 2561 epistola
1315 2478 1553 2561 inepte,
1588 2483 1661 2540 ut
1688 2476 2055 2539 imitatorem
2086 2497 2393 2558 agnoscas

398 2595 558 2659 Item
619 2595 770 2659 alter
828 2595 1000 2658 locus
1056 2619 1113 2680 p.
1175 2598 1300 2658 310
1358 2595 1445 2673 E,
1505 2596 1613 2660 ubi
1675 2589 1751 2658 de⁸
1793 2594 2088 2679 Dionysio
2136 2593 2393 2657 dicitur:

399 2715 628 2793 πέῷυκε
672 2713 916 2790 ξυνιέναι
963 2717 1040 2785 εἷς
1086 2714 1268 2778 ταύτὸ
1311 2714 1578 2796 φρόνησίς
1622 2738 1690 2778 τε
1720 2714 1817 2776 καὶ
1850 2713 2093 2790 δύναμις
2126 2713 2397 2790 μεγάλη,

375 2831 632 2895 ἐΗ-1013113
679 2840 771 2894 est
815 2855 886 2896 ex
934 2831 1092 2910 VII,
1143 2856 1201 2917 p.
1251 2835 1376 2894 335
1426 2831 1518 2910 D,
1566 2831 1674 2896 ubi
1710 2830 1872 2894 idem
1905 2831 2011 2894 ille
2043 2829 2269 2893 dicitur
2289 2855 2396 2908 με·

397 2951 606 3027 ylo-ww
645 2950 882 3028 δύναμιν
921 2952 1103 3030 ἔχων,
1139 2951 1198 3014 ἐν
1235 2948 1270 3032 ᾖ
1302 2952 1575 3028 γενομένη
1600 2949 1925 3032 φιλοσοφία
1947 2974 2014 3013 τε
2036 2948 2134 3012 καὶ
2158 2949 2396 3025 δύναμις

397 3067 566 3139 ὅντως
613 3069 670 3131 ἐν
713 3070 910 3149 ταύτῷ
936 3117 951 3131 .
981 3117 996 3131 .
1024 3117 1038 3131 .
1085 3066 1422 3146 λάμψασαν
1469 3067 1531 3152 (l.
1580 3066 1863 3146 λάμψασ’
1906 3067 1999 3150 ἂν)
2031 3065 2200 3140 δόξαν
2228 3066 2399 3146 παρὲ-

397 3211 608 3261 erno-ev
653 3187 774 3250 κτὲ.
866 3185 1096 3250 Verum
1158 3185 1323 3269 quod
1379 3186 1494 3250 hoc
1558 3186 1693 3249 loco
1740 3185 1889 3249 dicit
1934 3207 1997 3248 se
2043 3192 2249 3269 optare
2266 3233 2283 3261 ,
2332 3183 2396 3246 id

395 3303 463 3366 in
511 3302 698 3366 altero
743 3303 876 3366 loco
919 3305 1096 3392 quasi
1139 3326 1348 3366 verum
1396 3304 1601 3388 ponit,
1636 3301 1801 3387 quod
1831 3302 2011 3388 plane
2044 3297 2215 3365 seclis
2250 3309 2393 3365 erat.

394 3420 616 3503 Itaque
676 3421 824 3484 haec
879 3421 1167 3506 epistola,
1223 3431 1296 3484 ut
1349 3421 1607 3485 conflata
1660 3427 1751 3484 est
1805 3419 1881 3483 ad
1936 3418 2397 3483 similitudinem

397 3537 611 3617 VII⁸⁶‚
675 3540 764 3602 ita
806 3538 1106 3602 rhetorem
1154 3539 1358 3623 prodit
1407 3546 1533 3602 tam
1588 3538 1887 3602 scribendi
1940 3538 2155 3622 peritia
2215 3559 2399 3620 quam

398 3679 600 3720 rerum
647 3657 900 3720 scientia
945 3657 1118 3720 alteri
1162 3657 1344 3740 longe
1391 3656 1897 3742 postponendum.

490 3774 718 3839 Peioris
761 3785 941 3840 notae
989 3783 1135 3839 sunt
1171 3775 1438 3859 reliquae
1472 3774 1630 3838 dnae
1662 3773 1737 3837 ad
1768 3774 2134 3858 Dionysium
2164 3773 2405 3858 Episto-·

394 3893 522 3970 lae,
587 3893 619 3957 I
679 3902 741 3957 et
793 3893 976 3964 XIII.
1067 3895 1270 3957 Prima
1329 3895 1602 3958 continet
1640 3915 1835 3957 acrem
1880 3891 2398 3976 exprobrationem

384 4011 709 4095 ·Dionysi0‚
736 4011 900 4095 quod
931 4011 1246 4076 Platonem
1275 4013 1501 4096 optime
1531 4011 1606 4076 de
1630 4033 1693 4074 se
1715 4011 1999 4074 meritum
2022 4018 2148 4073 tam
2171 4011 2395 4086 ἀτίμως

397 4129 758 4207 dimisisset3
799 4129 979 4192 simul
1023 4130 1311 4192 viaticum
1359 4137 1674 4213 acceptum
1722 4129 1777 4192 ei
1822 4109 2079 4192 remittit
2113 4137 2173 4190 et
2204 4135 2400 4210 tyran-

400 4271 545 4310 num
593 4247 897 4311 desertum
945 4247 1019 4311 ab
1067 4248 1270 4311 amicis
1317 4247 1513 4310 valere
1554 4247 1747 4330 jubet.
1835 4245 2071 4309 Mentio
2116 4246 2317 4308 viatici
2368 4269 2401 4308 a

2078 4363 2166 4421 2*
