3092 5084
1410 454 1533 512 251

1416 659 1529 722 IX.

554 895 901 980 Rejicienda
948 906 1039 960 est
1082 897 1447 980 Schweglel·i
1476 899 1855 982 conjectura,
1882 897 2107 961 Romae
2139 906 2276 982 post
2307 918 2478 978 reges

468 1022 708 1078 exactos
764 1037 888 1079 non
934 1017 1143 1079 statim
1190 1017 1310 1080 duo
1366 1017 1645 1080 consules
1707 1029 1975 1094 creatos,
2026 1017 2132 1079 sed
2177 1023 2317 1079 ante
2363 1016 2476 1078 ho's

465 1134 789 1217 imperium
873 1133 1157 1197 dictatori
1240 1135 1630 1199 commissum
1693 1159 1821 1199 esse
1890 1134 2185 1219 opinanti.
2300 1133 2474 1196 Rom.

469 1251 690 1316 Gesch.
725 1251 829 1330 II,
880 1276 938 1339 p.
1009 1255 1111 1318 79.

1430 1517 1510 1580 X.

560 1783 759 1847 Nimis
790 1784 1075 1868 'benigne
1130 1784 1203 1848 de
1256 1785 1544 1848 Romanis
1586 1785 1822 1872 judicat
1869 1785 2245 1862 Mommsen,
2289 1807 2479 1868 quum

470 1903 787 1968 contendit
842 1925 943 1966 eos
1004 1903 1235 1966 sincera.
1281 1903 1594 1966 voluntate
1641 1911 1700 1967 et
1747 1904 1951 1968 studio
1998 1911 2259 1967 veterem
2305 1903 2480 1966 liber-

471 2022 617 2084 tatis
666 2030 895 2085 statum
942 2022 1201 2085 Graecis*
1235 2021 1589 2086 reddidisse.
1661 2023 1835 2088 Rom.
1875 2023 2096 2088 Gesch.
2130 2023 2198 2100 I,
2233 2045 2293 2106 p.
2333 2024 2365 2086 7
2377 2024 2479 2085 06.

1413 2288 1527 2353 XI.

557 2552 782 2637 Legem
818 2553 1152 2618 Voconiam
1183 2577 1327 2633 non,
1356 2563 1426 2620 ut
1457 2556 1777 2641 Zumptius
1811 2563 2008 2642 putat,
2046 2579 2098 2619 a.
2135 2579 2187 2620 a.
2223 2555 2293 2619 G.
2325 2540 2478 2632 174,

474 2671 580 2734 sed
656 2675 777 2734 169
828 2673 1012 2736 latam
1048 2697 1175 2737 esse
1221 2697 1455 2739 censeo.
1529 2675 1768 2760 Zumpt.
1826 2676 1902 2739 ad
1947 2674 2122 2739 Verr.
2166 2675 2237 2752 I,
2281 2699 2331 2738 c.
2373 2678 2476 2738 41.

1398 2939 1545 3004 XII.

556 3201 736 3286 Legis
801 3203 1079 3269 Valeriae
1124 3205 1414 3270 Horatiae
1458 3231 1581 3284 „ne
1629 3208 1765 3290 quis
1811 3207 2012 3271 ullum
2055 3209 2476 3304 magistratum

469 3320 599 3384 sine
646 3323 1066 3405 provocatione
1113 3325 1380 3388 crearet''
1412 3324 1568 3408 (Liv.
1617 3325 1756 3404 ΙΠ,
1801 3328 1906 3410 55)
1952 3327 2017 3390 in
2065 3349 2248 3391 causa
2293 3327 2478 3390 dicta-

468 3439 615 3520 toris
660 3441 956 3505 rationem
1000 3442 1269 3507 habitam
1316 3465 1445 3510 esse
1490 3467 1668 3528 nego,

1384 3709 1568 3774 XIII.

556 3971 945 4056 Quamquam
992 3974 1210 4039 Satura
1254 3963 1526 4040 Romana
1573 3975 1806 4040 diversa
1855 3983 1945 4038 est
1999 3999 2035 4038 a
2073 3975 2281 4040 fabula
2312 3975 2480 4060 Saty-

469 4090 593 4153 rica
624 4089 1029 4170 Graecorum,
1066 4094 1185 4157 fuit
1215 4103 1415 4161 tamen
1442 4096 1604 4161 inter
1636 4095 1811 4159 ambo
1845 4101 1968 4157 tam
2000 4094 2262 4158 nominis
2295 4117 2475 4180 quam

470 4207 691 4275 indolis
736 4211 1139 4282 necessitudo,
