3092 5084
1625 459 1708 518 64

657 664 994 730 Platonem.
1042 665 1118 729 In
1149 663 1481 728 Theaeteto
1496 714 1515 743 ‚
1566 687 1625 749 p.
1665 666 1786 729 167
1824 665 1909 743 A,
1943 664 2307 749 Protagoras
2340 666 2670 750 sapientem

657 791 719 848 et
763 783 1067 848 medicum
1104 783 1168 847 in
1215 805 1285 846 eo
1331 783 1653 848 convenire
1700 782 1849 846 dicit
1896 782 2061 867 quod
2101 790 2358 866 uterque
2388 784 2671 848 immutet

655 904 963 968 hominem
973 952 992 980 ,
1041 903 1068 966 ὃ
1115 901 1222 980 μέν
1268 901 1456 983 ἰατρὸς
1505 900 1839 983 Φαρμακοις
1884 902 2266 980 μεταβάλλει
2285 954 2303 977 ,
2350 905 2378 965 0‘
2421 902 2480 966 δὲ
2510 907 2672 984 σοφι-

655 1024 795 1097 στὴς
828 1020 1042 1097 λόγοις.
1090 1019 1170 1083 In
1200 1019 1490 1099 Politian,
1524 1043 1585 1105 p.
1622 1023 1745 1086 297
1782 1019 1864 1098 Ε,
1897 1019 2043 1084 boni
2072 1021 2423 1106 imperantis
2456 1020 2671 1091 εἴκονας

657 1161 783 1204 esse
844 1138 995 1202 dicit
1049 1139 1144 1204 τὸν
1207 1146 1466 1216 γενναῖον
1517 1138 1870 1219 κυβερνήτην
1915 1140 2012 1204 καὶ
2058 1142 2180 1204 τὸνΧ
2198 1139 2397 1218 ἑτέρων
2442 1145 2670 1203 πολλῶν

655 1255 925 1333 ἀντάξιον
957 1256 1162 1336 ἰατρόν.
1232 1255 1459 1320 Noster
1489 1257 1585 1321 uti
1613 1256 1675 1320 h.
1700 1258 1741 1321 l.
1773 1259 1999 1334 ἰατροῦ,
2034 1258 2119 1321 ita
2146 1257 2491 1334 κυβερνήτου
2526 1257 2676 1322 ima-

657 1375 796 1461 gine
825 1376 1024 1439 utitur
1053 1377 1212 1440 infra
1233 1398 1292 1460 p.
1314 1377 1440 1438 351
1468 1375 1546 1439 D.
1596 1375 1890 1440 Similiter
1919 1376 2271 1461 insipientes
2302 1376 2577 1440 homines
2611 1382 2673 1439 et

655 1494 812 1558 male
856 1471 1124 1558 moratae
1170 1495 1446 1558 civitates
1495 1517 1673 1580 saepe
1719 1501 2141 1580 comparantur
2191 1517 2329 1559 cum
2362 1501 2672 1580 aegrotan-

655 1613 839 1677 tibus.
904 1612 1207 1676 Classicus
1253 1613 1423 1677 locus
1471 1620 1562 1676 est
1608 1612 1682 1678 de
1713 1612 1861 1698 Rep.
1895 1613 2007 1677 IV.
2049 1637 2109 1698 p.
2144 1616 2270 1676 425
2303 1612 2358 1676 E
2398 1635 2528 1698 sqq.
2564 1614 2671 1698 qui

659 1731 954 1796 eiusmodi
999 1731 1196 1796 verbis
1243 1711 1569 1817 conceptus
1618 1740 1709 1796 est
1754 1741 1827 1796 ut
1870 1732 2045 1796 facile
2078 1740 2365 1818 appareat
2395 1740 2668 1798 nostrum

657 1849 799 1914 inde
844 1871 955 1914 sua
1000 1849 1385 1935 compilasse:
1432 1852 1629 1927 λέγεις
1677 1851 1981 1928 βιώσεσθαι
2015 1852 2147 1924 τοὺς
2192 1852 2473 1924 τοιούτους
2520 1850 2673 1936 (libi-

659 1944 905 2033 dinosos
946 1969 1118 2054 dicit)
1163 1968 1350 2052 ὥσπερ
1382 1970 1514 2040 τοὺς
1562 1969 1971 2046 καμνόντας
2017 1995 2085 2034 τε
2116 1971 2214 2036 καὶ
2246 1972 2345 2034 οὐκ
2375 1969 2670 2040 ἐθέλοντας

661 2087 758 2150 ὑπ’
801 2087 1127 2158 οὶκολασιάς
1174 2087 1412 2165 ἐκβῆναι
1461 2112 1585 2152 πον
1604 2090 1772 2168 ηροῖς
1819 2088 2115 2162 διαίτης.
2164 2087 2323 2152 Cum
2353 2087 2447 2151 his
2479 2088 2673 2151 conci-

574 2292 576 2294 Ὺ
659 2212 820 2269 nunt
857 2204 1037 2290 plane
1071 2206 1358 2291 epistolae
1388 2206 1605 2270 verba:
1655 2205 1806 2285 ἀνδρὶ
1836 2207 2111 2284 κάμνοντι
2144 2207 2240 2270 καὶ
2271 2207 2498 2271 δίαιταν
2529 2207 2669 2271 διαι-

659 2320 892 2404 τωμένῳ
937 2323 1254 2404 μοχθηράν.
1347 2323 1585 2388 Deinde
1632 2323 2094 2389 similitudinem
2138 2325 2422 2388 transfert
2471 2322 2547 2388 ad
2593 2324 2671 2387 ci-

656 2442 874 2506 vitates
922 2441 1310 2527 depravatas,
1329 2431 1340 2446 ’
1360 2465 1418 2528 p.
1469 2445 1597 2506 426
1646 2441 1741 2506 B:
1792 2443 1825 2519 ἢ
1872 2446 1931 2508 ού
1978 2443 2287 2526 φαίνονταί
2330 2467 2413 2507 σοι
2458 2442 2669 2507 ταύτὸν

657 2559 996 2642 ἐργάζεσθαι
1065 2561 1282 2633 τούτοις
1353 2562 1454 2644 (sc.
1521 2569 1639 2633 τοῖς
1708 2560 2008 2646 κάμνουσι)
2075 2568 2184 2627 τῶν
2253 2562 2471 2627 πόλεων
2541 2561 2669 2627 ὅσαι

661 2684 850 2750 κακῶς
896 2679 1333 2757 πολιτευόμεναι
1381 2681 1925 2761 προαγορεύουσι
1981 2689 2124 2753 τοῖς
2172 2688 2505 2751 πολιταῑς
2550 2681 2669 2755 τὴν

661 2798 804 2874 μὲν·
847 2797 1299 2863 κατάστασιν
1361 2805 1485 2872 τῆς
1548 2797 1815 2871 πόλεως
1876 2795 2039 2874 ὅλην
2104 2801 2200 2877 μὴ
2268 2806 2516 2881 κινεῖν,
2586 2800 2668 2870 ὡς

660 2917 1222 2990 ἀποθανούμενος
1269 2915 1506 3001 (stasmi)
1552 2917 1638 2980 ita
1689 2917 1902 2995 cred03
1949 2917 2292 2982 terminatio
2338 2941 2447 2990 -νος
2493 2917 2669 2980 facile

659 3042 801 3116 nata
869 3057 903 3100 e
971 3059 1060 3120 sq.
1132 3034 1212 3119 ὃς)
1283 3034 1340 3108 ὃς
1403 3035 1476 3101 ἂν
1543 3043 1711 3102 τοῦτο
1778 3038 1879 3121 δρᾷ
1908 3059 1922 3074 ·
1986 3035 2044 3109 ὃς
2091 3038 2137 3100 δ’
2162 3036 2235 3102 ἂν
2300 3041 2465 3119 σφας
2491 3022 2498 3029 .
2525 3035 2667 3101 οὕτω

601 3227 606 3231 „
659 3153 1124 3231 πολιτευομένους
1159 3153 1408 3230 ἥδιστα
1455 3156 1800 3238 θεραπεύῃ
1843 3156 1964 3220 καὶ
2010 3155 2395 3236 χαρίζηται
2444 3156 2671 3235 ὑποτρέ-

659 3294 802 3352 χων,
830 3271 929 3335 καὶ
983 3274 1420 3352 προγιγνώσκων
1466 3273 1579 3344 τοὶς
1621 3273 1913 3356 σφετέρας
1958 3274 2333 3351 βουλήσεις
2385 3273 2484 3338 καὶ
2532 3275 2673 3339 ταύ-

659 3413 772 3460 τας
835 3389 1004 3462 δεινὸς
1066 3388 1099 3471 ᾖ
1145 3392 1540 3469 ἀποπληροῦν,
1590 3387 1751 3462 οὗτος
1798 3388 1915 3472 ἄρα
1958 3392 2179 3470 ἀγαθός
2226 3395 2280 3457 τ’
2325 3393 2489 3458 ἔσται
2534 3393 2670 3471 ανὴρ

661 3508 758 3572 καὶ
808 3508 1007 3590 σόφος.
1101 3507 1258 3573 Cum
1304 3511 1400 3574 his
1447 3511 1496 3575 si
1544 3512 1913 3576 conferimus
1960 3498 2109 3576 haec
2140 3512 2424 3596 epistolae
2452 3511 2666 3577 verba:

661 3633 778 3698 τοῖς
839 3627 886 3690 δ’
911 3625 1016 3702 ἔξω
1078 3628 1144 3692 τὸ
1206 3628 1490 3708 παράπαν
1548 3630 1851 3708 βαίνουσι.
1879 3681 1894 3696 .
1924 3682 1938 3697 .
2000 3632 2435 3712 προαγορεύουσι
2488 3630 2548 3694 δὲ
2586 3633 2668 3710 τῷ

660 3741 975 3825 ξυμβούλῳ
993 3795 1010 3826 ,
1074 3745 1410 3811 similitudo
1472 3747 1794 3832 utriusque
1839 3749 1959 3814 loci
2003 3749 2143 3812 talis
2189 3755 2283 3814 est
2323 3757 2396 3813 ut
2439 3748 2669 3814 nemini

661 3860 920 3926 dubium
967 3886 1094 3928 esse
1161 3872 1345 3950 queat
1405 3867 1559 3950 quin
1612 3868 1763 3931 alter
1816 3891 1890 3932 ex
1943 3867 2134 3932 altero
2189 3868 2269 3932 sit
2322 3890 2664 3953 expressuS‚

659 3979 858 4064 iisque
903 3981 1137 4046 collatis
1185 3983 1365 4049 simul
1422 3985 1572 4069 quid
1619 3969 1925 4051 auctorem
1973 3995 2034 4051 et
2076 3987 2445 4054 imitatorem
2490 3989 2669 4052 inter-

661 4098 742 4162 sit
789 4107 1054 4184 apparet.
1147 4101 1224 4166 In
1269 4103 1542 4168 Platonis
1591 4105 1786 4170 verbis
1833 4107 2035 4170 omnia
2080 4106 2376 4184 dilucide,
2424 4107 2662 4183 limate,

661 4195 968 4302 eleganter
1014 4219 1176 4284 dicta
1221 4231 1404 4300 sunt3
1455 4223 1517 4286 in
1554 4223 1809 4312 epistola
1843 4225 2045 4290 omnia
2068 4225 2422 4310 ambagibus
2454 4225 2661 4310 plena,
