3092 5084
1346 533 1465 594 195

398 739 651 810 σύνθεσίς
698 741 869 804 ἐστιν.
942 737 1038 802 Cf.
1087 761 1145 824 p.
1197 740 1324 801 425
1376 739 1452 804 A.
1487 739 1560 802 B.
1594 737 1780 824 Soph.
1815 761 1872 822 p.
1910 741 2036 802 263
2071 737 2149 802 D.
2185 737 2413 803 Verum

400 856 647 942 Cratylo
679 858 765 922 sic
796 879 947 921 usus
993 863 1086 921 est
1118 857 1376 942 scriptor
1399 907 1417 934 ‚
1470 865 1540 921 ut
1579 879 1735 941 quae
1764 855 2039 921 Platonis
2071 857 2256 920 fuerit
2286 877 2408 920 sen·

400 977 593 1040 tentia
638 998 852 1061 parum
884 975 1258 1060 perspexisse
1305 974 1601 1040 videatur.
1695 974 2019 1040 Tractatur
2061 976 2129 1039 in
2174 997 2244 1039 eo
2291 973 2416 1039 dia-

400 1095 541 1180 logo
604 1095 904 1180 quaesti0‚
968 1100 1176 1159 utrum
1221 1095 1471 1159 nomina
1492 1095 1641 1160 'sint
1669 1093 1846 1175 φύσει
1878 1116 1958 1158 an
1986 1084 2132 1158 θέσει
2151 1143 2170 1169 ,
2203 1101 2412 1158 utrum

402 1213 696 1277 naturalis
767 1213 849 1277 sit
907 1212 1339 1277 vocabulorum
1408 1233 1548 1276 cum
1610 1211 1790 1277 rebus
1852 1209 2239 1275 necessitudo
2253 1260 2273 1289 ‚
2336 1233 2415 1275 an

400 1352 508 1414 pro
556 1330 805 1396 arbitrio
850 1329 1031 1395 rebus
1076 1331 1201 1396 sint
1244 1330 1553 1416 imposita.
1616 1329 1927 1394 Posterius
1958 1327 2233 1394 defendit
2263 1327 2416 1393 Her·

398 1441 718 1534 mogenes‚
784 1448 889 1533 qui
951 1447 1267 1514 contendit
1324 1450 1575 1513 nomina
1632 1449 1790 1515 facta
1835 1469 1964 1512 esse
2024 1447 2265 1532 συνθήκῃ
2317 1446 2417 1512 καὶ

398 1568 699 1650 ὅμολογίᾳ,
750 1567 809 1632 h.
859 1589 910 1630 e.
958 1568 1144 1644 θέσεις
1193 1567 1566 1632 contrarium
1612 1565 1811 1651 placet
1857 1563 2138 1650 Cratylo‚
2188 1565 2288 1629 cui
2318 1563 2421 1628 So-

397 1693 589 1748 crates
668 1683 762 1749 vel
822 1685 1027 1770 potius
1073 1683 1252 1748 Plato
1315 1684 1649 1748 assentitur
1717 1689 1966 1748 eatenus
1981 1733 2000 1761 ‚
2073 1682 2237 1766 quod
2285 1703 2419 1746 cen-

398 1812 488 1867 set
546 1801 729 1880 ὅνομαι
793 1826 921 1868 esse
985 1805 1343 1882 πράγματος
1402 1803 1650 1880 δήλωμα
1711 1802 1834 1866 sive
1887 1801 2139 1878 μίμημα
2199 1815 2421 1866 συλλα-

394 1920 539 1996 βαῖς
600 1920 699 1984 καὶ
764 1919 1115 2002 γράμμασιν
1168 1922 1249 2004 (p.
1300 1922 1427 1984 433
1491 1919 1566 1984 B.
1621 1920 1696 1984 cf.
1754 1942 1814 2006 p.
1871 1922 1998 1984 423
2055 1919 2158 2003 Ε),
2231 1927 2416 2004 atque

397 2043 546 2106 adeo
607 2038 913 2104 vocabula
974 2039 1088 2102 rite
1141 2039 1301 2104 facta
1360 2039 1626 2124 ipsarum
1673 2060 1874 2104 rerum
1924 2060 2052 2103 esse
2098 2038 2418 2123 imagines:

393 2156 475 2222 τὰ
536 2159 584 2219 δ’
638 2156 903 2233 ὂνόμαται
939 2205 953 2218 .
985 2205 999 2220 .
1030 2206 1043 2219 .
1091 2158 1556 2234 ὡμολογήκαμεν
1615 2157 1696 2222 τὰ
1749 2163 1944 2228 καλῶς
2005 2157 2243 2231 κείμενα.
2280 2207 2295 2222 .
2342 2207 2356 2220 .
2401 2225 2417 2242 .

392 2273 534 2340 εἶναι
604 2275 824 2346 elnonae
895 2281 1006 2340 τῶν
1074 2275 1445 2355 πραγμάτων
1514 2278 1600 2360 (p.
1671 2278 1800 2340 439
1874 2277 1972 2358 A).
2065 2273 2211 2339 Non
2279 2295 2420 2340 vero

392 2394 723 2457 assentitur
790 2392 987 2456 eidem
1058 2391 1307 2477 Cratylo
1376 2393 1658 2479 opinanti
1724 2399 2042 2478 propterea
2101 2392 2423 2457 vocabulo-

392 2534 528 2576 rum
603 2512 725 2575 sive
804 2510 1052 2595 linguae
1141 2511 1551 2596 cognitionem
1632 2511 1793 2575 viam
1861 2532 1992 2575 esse
2060 2509 2136 2574 ad
2218 2532 2421 2575 rerum

393 2630 726 2694 scientiam.
817 2627 857 2692 J
860 2653 955 2694 am
1010 2652 1151 2694 vero
1214 2629 1364 2714 quid
1409 2629 1660 2694 noster?
1751 2628 1920 2693 Dicit
1978 2629 2043 2692 in
2112 2628 2423 2694 vocabulis

395 2770 522 2812 esse
580 2746 737 2811 nihil
792 2747 1071 2829 βέβαιον,
1137 2748 1285 2831 quin
1356 2748 1511 2812 οὐδὲν
1575 2748 1809 2814 κωλύειν
1870 2748 1951 2812 τὰ
2012 2753 2107 2812 νῦν
2175 2770 2428 2827 ‹ra-pay-

394 2866 583 2943 γύλοι
627 2866 962 2945 καλούμενα
1007 2866 1215 2931 εὐθέα
1260 2868 1606 2942 κεκλῆσθαι,
1646 2867 1728 2931 τὰ
1766 2867 2043 2931 τέὐθέα
2077 2867 2142 2940 δὴ
2174 2888 2426 2946 ‹rw-pay-

395 2984 629 3060 yv'ms:
679 2985 794 3048 hoc
842 2993 933 3050 est
977 2984 1158 3070 plane
1203 2984 1268 3049 id
1314 2986 1513 3072 ipsum
1549 2985 1714 3069 quod
1747 2984 2062 3050 contendit
2094 2985 2423 3070 Hermoge-

394 3125 529 3179 ιιθε,
579 3125 638 3187 p.
688 3105 816 3166 384
863 3102 954 3166 D:
1004 3104 1127 3181 ἐμοὶ
1164 3104 1283 3183 γὰρ
1319 3103 1502 3175 δοκεῖ,
1543 3104 1657 3168 ὅτι
1697 3103 1768 3169 ἂν
1791 3104 1880 3175 τίς
1912 3128 1992 3183 τῳ
2015 3106 2180 3178 θῆται
2213 3103 2418 3187 ὄνομα,

393 3224 552 3286 τοῦτ’
582 3217 726 3285 εἶναι
770 3223 869 3286 καὶ
915 3221 981 3286 τὸ
1029 3220 1175 3302 ὀρθόν
1205 3244 1219 3258 ·
1268 3222 1365 3286 καὶ
1413 3220 1485 3288 ἂν
1534 3220 1692 3295 αὖθίς
1740 3223 1804 3300 γ’
1827 3218 2009 3301 ἕτερον
2051 3223 2418 3305 μεταθῆται,

395 3339 567 3405 ἐκεῖνο
628 3340 687 3404 δὲ
748 3339 955 3416 μηκέτι
999 3349 1156 3420 καλῇ
1177 3391 1195 3416 ,
1225 3391 1239 3406 .
1270 3390 1284 3405 .
1314 3389 1329 3404 .
1392 3341 1545 3406 οὐδὲν
1608 3339 1775 3416 ἦττον
1831 3343 1988 3406 τοῦτ’
2033 3337 2177 3405 εἶναι
2237 3342 2383 3420 ὀρθὸν
2402 3391 2418 3413 ,

396 3458 463 3522 τὸ
523 3457 839 3534 μετατεθὲν
856 3506 873 3539 ,
946 3463 1047 3522 τοῦ
1112 3457 1377 3539 πρότερον
1437 3457 1728 3536 κειμένους
1801 3480 1986 3543 quam
2057 3459 2422 3548 sententiam

398 3583 608 3640 contra
652 3576 959 3660 improbat
1006 3575 1202 3640 Plato.
1232 3575 1282 3662 1)

483 3694 781 3779 Deinceps
831 3695 1111 3778 sequitur
1154 3694 1221 3759 in
1270 3693 1551 3778 Epistola
1596 3694 1769 3758 locus
1815 3694 2223 3759 memorabilis
2239 3744 2257 3771 ,
2293 3716 2415 3778 quo

396 3810 648 3877 docetur
706 3834 915 3876 omnes
975 3813 1083 3897 qui
1140 3834 1267 3876 non
1327 3812 1442 3876 rite
1502 3814 1796 3895 ἐπιστήμῃ
1857 3812 2082 3878 eruditi
2143 3813 2266 3877 sint
2279 3862 2298 3891 ,
2345 3813 2411 3876 in

397 3929 814 4016 cognoscendo
860 3937 921 3996 et
965 3928 1337 4016 disputando
1383 3930 1531 3996 falli.
1581 3930 1840 4016 Legitur
1884 3954 1944 4017 p.
1994 3935 2120 3995 343
2171 3931 2220 3994 C
2268 3930 2410 3996 inde

464 4221 509 4282 l)
542 4221 756 4270 Platonis
786 4219 1072 4269 sententiam
1106 4220 1347 4270 subtiliter
1381 4220 1587 4285 explicat
1621 4219 1836 4269 Dittrieh
1854 4258 1867 4276 ,
1902 4219 2096 4281 Proleg.
2133 4218 2193 4268 ad
2231 4217 2399 4281 ctatyl

398 4315 524 4378 Lips.
561 4315 714 4373 1841,
748 4329 796 4378 p.
832 4313 895 4362 20
929 4319 977 4362 et
1010 4316 1069 4362 41
1108 4330 1211 4379 sqq.

2064 4409 2175 4482 13*
