<?xml version="1.0" encoding="UTF-8"?>
<!DOCTYPE html PUBLIC "-//W3C//DTD XHTML 1.0 Transitional//EN"
    "http://www.w3.org/TR/xhtml1/DTD/xhtml1-transitional.dtd">
<html xmlns="http://www.w3.org/1999/xhtml" xml:lang="en" lang="en">
 <head>
  <title>
</title>
<meta http-equiv="Content-Type" content="text/html;charset=utf-8" />
  <meta name='ocr-system' content='tesseract 3.04.00' />
  <meta name='ocr-capabilities' content='ocr_page ocr_carea ocr_par ocr_line ocrx_word'/>
</head>
<body>
  <div class='ocr_page' id='page_1' title='image "./commentatiocrit01karsgoog_0052.png"; bbox 0 0 3092 5084; ppageno 0'>
   <div class='ocr_carea' id='block_1_1' title="bbox 1644 501 1731 562">
    <p class='ocr_par' dir='ltr' id='par_1_1' title="bbox 1644 501 1731 562">
     <span class='ocr_line' id='line_1_1' title="bbox 1644 501 1731 562; baseline 0 0"><span class='ocrx_word' id='word_1_1' title='bbox 1644 501 1731 562; x_wconf 99' lang='grc'><strong>34</strong></span> 
     </span>
    </p>
   </div>
   <div class='ocr_carea' id='block_1_2' title="bbox 648 703 2728 4346">
    <p class='ocr_par' dir='ltr' id='par_1_2' title="bbox 659 703 2728 3161">
     <span class='ocr_line' id='line_1_2' title="bbox 675 703 2689 792; baseline -0 -21"><span class='ocrx_word' id='word_1_2' title='bbox 675 707 1009 792; x_wconf 90' lang='lat' dir='ltr'><strong>potuisset,</strong></span> <span class='ocrx_word' id='word_1_3' title='bbox 1057 705 1263 771; x_wconf 83' lang='lat' dir='ltr'><strong>faciles</strong></span> <span class='ocrx_word' id='word_1_4' title='bbox 1311 728 1486 770; x_wconf 85' lang='lat' dir='ltr'><strong>aures</strong></span> <span class='ocrx_word' id='word_1_5' title='bbox 1532 707 1819 791; x_wconf 90' lang='lat' dir='ltr'><strong>praebuit</strong></span> <span class='ocrx_word' id='word_1_6' title='bbox 1864 703 2341 771; x_wconf 78' lang='lat' dir='ltr'><strong>assentatoribus</strong></span> <span class='ocrx_word' id='word_1_7' title='bbox 2357 755 2375 784; x_wconf 93' lang='lat'><strong>,</strong></span> <span class='ocrx_word' id='word_1_8' title='bbox 2426 727 2689 789; x_wconf 91' lang='lat' dir='ltr'><strong>quorum</strong></span> 
     </span>
     <span class='ocr_line' id='line_1_3' title="bbox 674 823 2688 910; baseline -0 -21"><span class='ocrx_word' id='word_1_9' title='bbox 674 823 1083 890; x_wconf 81' lang='lat' dir='ltr'><strong>delationibus</strong></span> <span class='ocrx_word' id='word_1_10' title='bbox 1152 824 1383 888; x_wconf 89' lang='lat' dir='ltr'><strong>factum</strong></span> <span class='ocrx_word' id='word_1_11' title='bbox 1450 848 1581 890; x_wconf 88' lang='lat' dir='ltr'><strong>esse</strong></span> <span class='ocrx_word' id='word_1_12' title='bbox 1596 875 1614 904; x_wconf 89' lang='lat'><strong>,</strong></span> <span class='ocrx_word' id='word_1_13' title='bbox 1671 832 1743 890; x_wconf 92' lang='lat' dir='ltr'><strong>ut</strong></span> <span class='ocrx_word' id='word_1_14' title='bbox 1813 826 1934 890; x_wconf 91' lang='lat' dir='ltr'><strong>Dio</strong></span> <span class='ocrx_word' id='word_1_15' title='bbox 1991 825 2047 889; x_wconf 71' lang='lat' dir='ltr'><strong>e&#39;</strong></span> <span class='ocrx_word' id='word_1_16' title='bbox 2078 825 2275 910; x_wconf 87' lang='lat' dir='ltr'><strong>patria</strong></span> <span class='ocrx_word' id='word_1_17' title='bbox 2324 824 2688 909; x_wconf 84' lang='lat' dir='ltr'><strong>pelleretur,</strong></span> 
     </span>
     <span class='ocr_line' id='line_1_4' title="bbox 674 942 2691 1040; baseline -0.001 -32"><span class='ocrx_word' id='word_1_18' title='bbox 674 944 852 1008; x_wconf 86' lang='lat' dir='ltr'><strong>Plato</strong></span> <span class='ocrx_word' id='word_1_19' title='bbox 897 943 1110 1008; x_wconf 91' lang='lat' dir='ltr'><strong>multis</strong></span> <span class='ocrx_word' id='word_1_20' title='bbox 1151 943 1444 1008; x_wconf 88' lang='lat' dir='ltr'><strong>molestiis</strong></span> <span class='ocrx_word' id='word_1_21' title='bbox 1478 943 1738 1008; x_wconf 88' lang='lat' dir='ltr'><strong>afflictus</strong></span> <span class='ocrx_word' id='word_1_22' title='bbox 1771 967 1835 1008; x_wconf 87' lang='lat' dir='ltr'><strong>re</strong></span> <span class='ocrx_word' id='word_1_23' title='bbox 1867 944 2093 1008; x_wconf 87' lang='lat' dir='ltr'><strong>infecta</strong></span> <span class='ocrx_word' id='word_1_24' title='bbox 2123 942 2359 1040; x_wconf 83' lang='lat' dir='ltr'><strong>abierit.</strong></span> <span class='ocrx_word' id='word_1_25' title='bbox 2406 944 2493 1007; x_wconf 87' lang='lat' dir='ltr'><strong>At</strong></span> <span class='ocrx_word' id='word_1_26' title='bbox 2524 943 2691 1006; x_wconf 86' lang='lat' dir='ltr'><strong>brevi</strong></span> 
     </span>
     <span class='ocr_line' id='line_1_5' title="bbox 674 1059 2690 1147; baseline -0.001 -21"><span class='ocrx_word' id='word_1_27' title='bbox 674 1061 1043 1146; x_wconf 86' lang='lat' dir='ltr'><strong>Dionysium</strong></span> <span class='ocrx_word' id='word_1_28' title='bbox 1086 1062 1387 1126; x_wconf 86' lang='lat' dir='ltr'><strong>factorum</strong></span> <span class='ocrx_word' id='word_1_29' title='bbox 1434 1063 1759 1147; x_wconf 88' lang='lat' dir='ltr'><strong>poenituit.</strong></span> <span class='ocrx_word' id='word_1_30' title='bbox 1829 1063 1949 1126; x_wconf 93' lang='lat' dir='ltr'><strong>Dio</strong></span> <span class='ocrx_word' id='word_1_31' title='bbox 1997 1063 2157 1126; x_wconf 90' lang='lat' dir='ltr'><strong>enim</strong></span> <span class='ocrx_word' id='word_1_32' title='bbox 2205 1061 2393 1146; x_wconf 92' lang='lat' dir='ltr'><strong>copiis</strong></span> <span class='ocrx_word' id='word_1_33' title='bbox 2440 1084 2473 1124; x_wconf 88' lang='lat' dir='ltr'><strong>e</strong></span> <span class='ocrx_word' id='word_1_34' title='bbox 2518 1059 2690 1124; x_wconf 90' lang='lat' dir='ltr'><strong>Pelo-</strong></span> 
     </span>
     <span class='ocr_line' id='line_1_6' title="bbox 670 1155 2728 1266; baseline -0 -22"><span class='ocrx_word' id='word_1_35' title='bbox 670 1203 943 1266; x_wconf 88' lang='lat' dir='ltr'><strong>ponneso</strong></span> <span class='ocrx_word' id='word_1_36' title='bbox 1004 1180 1286 1244; x_wconf 82' lang='lat' dir='ltr'><strong>adductis</strong></span> <span class='ocrx_word' id='word_1_37' title='bbox 1333 1181 1511 1245; x_wconf 89' lang='lat' dir='ltr'><strong>illum</strong></span> <span class='ocrx_word' id='word_1_38' title='bbox 1560 1204 1882 1265; x_wconf 84' lang='lat' dir='ltr'><strong>aggressus</strong></span> <span class='ocrx_word' id='word_1_39' title='bbox 1941 1181 2036 1244; x_wconf 88' lang='lat' dir='ltr'><strong>bis</strong></span> <span class='ocrx_word' id='word_1_40' title='bbox 2082 1181 2361 1245; x_wconf 87' lang='lat' dir='ltr'><strong>liberavit</strong></span> <span class='ocrx_word' id='word_1_41' title='bbox 2406 1181 2685 1265; x_wconf 85' lang='lat' dir='ltr'><strong>patriam.</strong></span> <span class='ocrx_word' id='word_1_42' title='bbox 2724 1155 2728 1160; x_wconf 30' lang='lat'>⁵</span> 
     </span>
     <span class='ocr_line' id='line_1_7' title="bbox 670 1297 2683 1385; baseline 0 -23"><span class='ocrx_word' id='word_1_43' title='bbox 670 1298 789 1362; x_wconf 84' lang='lat' dir='ltr'><strong>Sed</strong></span> <span class='ocrx_word' id='word_1_44' title='bbox 834 1298 1054 1363; x_wconf 89' lang='lat' dir='ltr'><strong>Dionis</strong></span> <span class='ocrx_word' id='word_1_45' title='bbox 1098 1297 1392 1364; x_wconf 89' lang='lat' dir='ltr'><strong>beneficio</strong></span> <span class='ocrx_word' id='word_1_46' title='bbox 1437 1299 1728 1385; x_wconf 86' lang='lat' dir='ltr'><strong>indignos</strong></span> <span class='ocrx_word' id='word_1_47' title='bbox 1768 1323 1831 1364; x_wconf 94' lang='lat' dir='ltr'><strong>se</strong></span> <span class='ocrx_word' id='word_1_48' title='bbox 1861 1300 2275 1385; x_wconf 86' lang='lat' dir='ltr'><strong>praebuerunt</strong></span> <span class='ocrx_word' id='word_1_49' title='bbox 2305 1298 2683 1384; x_wconf 82' lang='lat' dir='ltr'><strong>Syracusani.</strong></span> 
     </span>
     <span class='ocr_line' id='line_1_8' title="bbox 669 1416 2683 1502; baseline -0 -21"><span class='ocrx_word' id='word_1_50' title='bbox 669 1416 846 1497; x_wconf 79' lang='lat' dir='ltr'><strong>Quae</strong></span> <span class='ocrx_word' id='word_1_51' title='bbox 891 1416 1112 1481; x_wconf 90' lang='lat' dir='ltr'><strong>deinde</strong></span> <span class='ocrx_word' id='word_1_52' title='bbox 1157 1423 1368 1484; x_wconf 85' lang='lat' dir='ltr'><strong>secuta</strong></span> <span class='ocrx_word' id='word_1_53' title='bbox 1398 1425 1544 1482; x_wconf 92' lang='lat' dir='ltr'><strong>sunt</strong></span> <span class='ocrx_word' id='word_1_54' title='bbox 1563 1468 1581 1496; x_wconf 89' lang='lat'><strong>,</strong></span> <span class='ocrx_word' id='word_1_55' title='bbox 1629 1418 1810 1502; x_wconf 89' lang='lat' dir='ltr'><strong>plane</strong></span> <span class='ocrx_word' id='word_1_56' title='bbox 1841 1418 2228 1500; x_wconf 63' lang='grc' dir='ltr'><em>δημηγορικοῖς</em></span> <span class='ocrx_word' id='word_1_57' title='bbox 2260 1423 2683 1502; x_wconf 85' lang='lat' dir='ltr'><strong>exponuntur:</strong></span> 
     </span>
     <span class='ocr_line' id='line_1_9' title="bbox 667 1531 2683 1618; baseline 0 -17"><span class='ocrx_word' id='word_1_58' title='bbox 667 1531 773 1602; x_wconf 74' lang='grc' dir='ltr'><em>οἷον</em></span> <span class='ocrx_word' id='word_1_59' title='bbox 834 1538 953 1618; x_wconf 68' lang='grc' dir='ltr'><strong>γὰρ</strong></span> <span class='ocrx_word' id='word_1_60' title='bbox 1013 1537 1287 1616; x_wconf 71' lang='grc' dir='ltr'><em>γέγονεν,</em></span> <span class='ocrx_word' id='word_1_61' title='bbox 1351 1539 1596 1602; x_wconf 70' lang='grc' dir='ltr'><em>οἰκοῦσαι</em></span> <span class='ocrx_word' id='word_1_62' title='bbox 1654 1538 1771 1618; x_wconf 68' lang='grc' dir='ltr'><strong>χρὴ</strong></span> <span class='ocrx_word' id='word_1_63' title='bbox 1828 1538 1960 1610; x_wconf 84' lang='grc' dir='ltr'><em>τοὺς</em></span> <span class='ocrx_word' id='word_1_64' title='bbox 2019 1538 2124 1616; x_wconf 78' lang='grc' dir='ltr'><strong>ἐμὲ</strong></span> <span class='ocrx_word' id='word_1_65' title='bbox 2192 1542 2683 1618; x_wconf 67' lang='grc' dir='ltr'><em>παρακαλοῦντας</em></span> 
     </span>
     <span class='ocr_line' id='line_1_10' title="bbox 668 1655 2681 1741; baseline -0.001 -19"><span class='ocrx_word' id='word_1_66' title='bbox 668 1657 804 1739; x_wconf 83' lang='grc' dir='ltr'><em>πρὸς</em></span> <span class='ocrx_word' id='word_1_67' title='bbox 848 1656 930 1723; x_wconf 76' lang='grc' dir='ltr'><em>τα</em></span> <span class='ocrx_word' id='word_1_68' title='bbox 970 1662 1065 1722; x_wconf 78' lang='grc' dir='ltr'><strong>νῦν</strong></span> <span class='ocrx_word' id='word_1_69' title='bbox 1103 1657 1444 1738; x_wconf 69' lang='grc' dir='ltr'><em>πράγματα</em></span> <span class='ocrx_word' id='word_1_70' title='bbox 1482 1658 1566 1741; x_wconf 91' lang='lat' dir='ltr'><strong>(p.</strong></span> <span class='ocrx_word' id='word_1_71' title='bbox 1602 1657 1728 1720; x_wconf 80' lang='lat'><strong>333</strong></span> <span class='ocrx_word' id='word_1_72' title='bbox 1756 1655 1856 1741; x_wconf 84' lang='lat' dir='ltr'><strong>G),</strong></span> <span class='ocrx_word' id='word_1_73' title='bbox 1892 1664 1952 1720; x_wconf 87' lang='lat' dir='ltr'><strong>et</strong></span> <span class='ocrx_word' id='word_1_74' title='bbox 1982 1656 2193 1720; x_wconf 89' lang='lat' dir='ltr'><strong>eodem</strong></span> <span class='ocrx_word' id='word_1_75' title='bbox 2222 1662 2431 1720; x_wconf 88' lang='lat' dir='ltr'><strong>tenore</strong></span> <span class='ocrx_word' id='word_1_76' title='bbox 2464 1662 2681 1719; x_wconf 87' lang='lat' dir='ltr'><strong>cetera.</strong></span> 
     </span>
     <span class='ocr_line' id='line_1_11' title="bbox 667 1774 2683 1859; baseline -0.001 -20"><span class='ocrx_word' id='word_1_77' title='bbox 667 1775 896 1840; x_wconf 86' lang='lat' dir='ltr'><strong>Narrat</strong></span> <span class='ocrx_word' id='word_1_78' title='bbox 954 1775 1217 1839; x_wconf 89' lang='lat' dir='ltr'><strong>Dionem</strong></span> <span class='ocrx_word' id='word_1_79' title='bbox 1274 1798 1310 1838; x_wconf 89' lang='lat' dir='ltr'><strong>a</strong></span> <span class='ocrx_word' id='word_1_80' title='bbox 1369 1774 1613 1838; x_wconf 89' lang='lat' dir='ltr'><strong>duobus</strong></span> <span class='ocrx_word' id='word_1_81' title='bbox 1659 1775 1947 1839; x_wconf 88' lang='lat' dir='ltr'><strong>fratribus</strong></span> <span class='ocrx_word' id='word_1_82' title='bbox 1963 1825 1981 1853; x_wconf 90' lang='lat'><strong>,</strong></span> <span class='ocrx_word' id='word_1_83' title='bbox 2030 1775 2315 1859; x_wconf 85' lang='lat' dir='ltr'><strong>profectis</strong></span> <span class='ocrx_word' id='word_1_84' title='bbox 2362 1797 2503 1837; x_wconf 92' lang='lat' dir='ltr'><strong>cum</strong></span> <span class='ocrx_word' id='word_1_85' title='bbox 2548 1774 2683 1858; x_wconf 88' lang='lat' dir='ltr'><strong>ipso</strong></span> 
     </span>
     <span class='ocr_line' id='line_1_12' title="bbox 668 1890 2683 1978; baseline -0.002 -20"><span class='ocrx_word' id='word_1_86' title='bbox 668 1893 929 1958; x_wconf 91' lang='lat' dir='ltr'><strong>Athenis</strong></span> <span class='ocrx_word' id='word_1_87' title='bbox 975 1892 1053 1957; x_wconf 87' lang='lat' dir='ltr'><strong>ad</strong></span> <span class='ocrx_word' id='word_1_88' title='bbox 1081 1893 1428 1957; x_wconf 88' lang='lat' dir='ltr'><strong>liberandos</strong></span> <span class='ocrx_word' id='word_1_89' title='bbox 1463 1893 1872 1978; x_wconf 84' lang='lat' dir='ltr'><strong>Syracusanos</strong></span> <span class='ocrx_word' id='word_1_90' title='bbox 1890 1945 1909 1973; x_wconf 99' lang='lat'><strong>,</strong></span> <span class='ocrx_word' id='word_1_91' title='bbox 1946 1893 2319 1958; x_wconf 81' lang='lat' dir='ltr'><strong>trucidatum</strong></span> <span class='ocrx_word' id='word_1_92' title='bbox 2351 1916 2498 1957; x_wconf 88' lang='lat' dir='ltr'><strong>esse.</strong></span> <span class='ocrx_word' id='word_1_93' title='bbox 2563 1890 2683 1954; x_wconf 90' lang='lat' dir='ltr'><strong>Ne-</strong></span> 
     </span>
     <span class='ocr_line' id='line_1_13' title="bbox 664 2010 2681 2097; baseline -0.001 -20"><span class='ocrx_word' id='word_1_94' title='bbox 664 2013 886 2077; x_wconf 86' lang='lat' dir='ltr'><strong>farium</strong></span> <span class='ocrx_word' id='word_1_95' title='bbox 931 2014 1048 2076; x_wconf 90' lang='lat' dir='ltr'><strong>hoc</strong></span> <span class='ocrx_word' id='word_1_96' title='bbox 1096 2012 1292 2077; x_wconf 89' lang='lat' dir='ltr'><strong>scelus</strong></span> <span class='ocrx_word' id='word_1_97' title='bbox 1309 2062 1327 2090; x_wconf 89' lang='lat'><strong>,</strong></span> <span class='ocrx_word' id='word_1_98' title='bbox 1383 2013 1686 2097; x_wconf 86' lang='lat' dir='ltr'><strong>flagitiosa</strong></span> <span class='ocrx_word' id='word_1_99' title='bbox 1730 2013 2019 2076; x_wconf 83' lang='lat' dir='ltr'><strong>iuvenum</strong></span> <span class='ocrx_word' id='word_1_100' title='bbox 2068 2012 2535 2078; x_wconf 88' lang='lat' dir='ltr'><strong>Atheniensium</strong></span> <span class='ocrx_word' id='word_1_101' title='bbox 2581 2010 2681 2074; x_wconf 85' lang='lat' dir='ltr'><strong>ad-</strong></span> 
     </span>
     <span class='ocr_line' id='line_1_14' title="bbox 664 2130 2679 2218; baseline -0.002 -22"><span class='ocrx_word' id='word_1_102' title='bbox 664 2154 870 2197; x_wconf 83' lang='lat' dir='ltr'><strong>versus</strong></span> <span class='ocrx_word' id='word_1_103' title='bbox 925 2132 1188 2196; x_wconf 87' lang='lat' dir='ltr'><strong>amicum</strong></span> <span class='ocrx_word' id='word_1_104' title='bbox 1227 2131 1506 2218; x_wconf 86' lang='lat' dir='ltr'><strong>perfidia,</strong></span> <span class='ocrx_word' id='word_1_105' title='bbox 1554 2131 2039 2216; x_wconf 86' lang='lat' dir='ltr'><strong>indignationem</strong></span> <span class='ocrx_word' id='word_1_106' title='bbox 2083 2138 2285 2195; x_wconf 83' lang='lat' dir='ltr'><strong>movet</strong></span> <span class='ocrx_word' id='word_1_107' title='bbox 2332 2130 2641 2216; x_wconf 85' lang='lat' dir='ltr'><strong>scriptoris</strong></span> <span class='ocrx_word' id='word_1_108' title='bbox 2661 2180 2679 2207; x_wconf 93' lang='lat'><strong>,</strong></span> 
     </span>
     <span class='ocr_line' id='line_1_15' title="bbox 665 2247 2679 2336; baseline -0.001 -23"><span class='ocrx_word' id='word_1_109' title='bbox 665 2251 802 2334; x_wconf 89' lang='lat' dir='ltr'><strong>qui,</strong></span> <span class='ocrx_word' id='word_1_110' title='bbox 849 2250 973 2313; x_wconf 85' lang='lat' dir='ltr'><strong>tale</strong></span> <span class='ocrx_word' id='word_1_111' title='bbox 1002 2250 1239 2313; x_wconf 85' lang='lat' dir='ltr'><strong>facinus</strong></span> <span class='ocrx_word' id='word_1_112' title='bbox 1269 2273 1348 2313; x_wconf 93' lang='lat' dir='ltr'><strong>ne</strong></span> <span class='ocrx_word' id='word_1_113' title='bbox 1378 2250 1661 2314; x_wconf 90' lang='lat' dir='ltr'><strong>universo</strong></span> <span class='ocrx_word' id='word_1_114' title='bbox 1692 2249 2162 2314; x_wconf 85' lang='lat' dir='ltr'><strong>Atheniensium</strong></span> <span class='ocrx_word' id='word_1_115' title='bbox 2193 2249 2425 2336; x_wconf 91' lang='lat' dir='ltr'><strong>populo</strong></span> <span class='ocrx_word' id='word_1_116' title='bbox 2457 2247 2679 2334; x_wconf 87' lang='lat' dir='ltr'><strong>probro</strong></span> 
     </span>
     <span class='ocr_line' id='line_1_16' title="bbox 664 2367 2678 2454; baseline -0.001 -21"><span class='ocrx_word' id='word_1_117' title='bbox 664 2376 966 2447; x_wconf 86' lang='lat' dir='ltr'><strong>vertatur,</strong></span> <span class='ocrx_word' id='word_1_118' title='bbox 1001 2368 1212 2454; x_wconf 91' lang='lat' dir='ltr'><strong>objicit</strong></span> <span class='ocrx_word' id='word_1_119' title='bbox 1251 2391 1314 2433; x_wconf 91' lang='lat' dir='ltr'><strong>se</strong></span> <span class='ocrx_word' id='word_1_120' title='bbox 1357 2390 1603 2453; x_wconf 90' lang='lat' dir='ltr'><strong>quoque</strong></span> <span class='ocrx_word' id='word_1_121' title='bbox 1646 2391 1773 2432; x_wconf 86' lang='lat' dir='ltr'><strong>esse</strong></span> <span class='ocrx_word' id='word_1_122' title='bbox 1809 2370 1999 2433; x_wconf 89' lang='lat' dir='ltr'><strong>civem</strong></span> <span class='ocrx_word' id='word_1_123' title='bbox 2024 2369 2484 2432; x_wconf 89' lang='lat' dir='ltr'><strong>Atheniensem:</strong></span> <span class='ocrx_word' id='word_1_124' title='bbox 2519 2367 2678 2450; x_wconf 75' lang='grc' dir='ltr'><strong>φημὶ</strong></span> 
     </span>
     <span class='ocr_line' id='line_1_17' title="bbox 664 2485 2671 2571; baseline -0.001 -18"><span class='ocrx_word' id='word_1_125' title='bbox 664 2489 783 2571; x_wconf 69' lang='grc' dir='ltr'><strong>γὰρ</strong></span> <span class='ocrx_word' id='word_1_126' title='bbox 826 2490 1082 2554; x_wconf 68' lang='grc' dir='ltr'><em>κάκεῖνον</em></span> <span class='ocrx_word' id='word_1_127' title='bbox 1123 2489 1417 2564; x_wconf 79' lang='grc' dir='ltr'><em>Ἀθηναῖον</em></span> <span class='ocrx_word' id='word_1_128' title='bbox 1461 2485 1604 2554; x_wconf 77' lang='grc' dir='ltr'><em>εἶναι</em></span> <span class='ocrx_word' id='word_1_129' title='bbox 1641 2486 1699 2561; x_wconf 81' lang='grc' dir='ltr'><strong>ὃς</strong></span> <span class='ocrx_word' id='word_1_130' title='bbox 1744 2490 1808 2552; x_wconf 82' lang='grc' dir='ltr'><strong>οὖ</strong></span> <span class='ocrx_word' id='word_1_131' title='bbox 1854 2487 2138 2568; x_wconf 80' lang='grc' dir='ltr'><em>προῦδωκε</em></span> <span class='ocrx_word' id='word_1_132' title='bbox 2185 2488 2281 2552; x_wconf 78' lang='grc' dir='ltr'><strong>τὸν</strong></span> <span class='ocrx_word' id='word_1_133' title='bbox 2328 2487 2501 2552; x_wconf 80' lang='grc' dir='ltr'><em>αὐτὸν</em></span> <span class='ocrx_word' id='word_1_134' title='bbox 2545 2492 2671 2552; x_wconf 81' lang='grc' dir='ltr'><em>τοῦ·</em></span> 
     </span>
     <span class='ocr_line' id='line_1_18' title="bbox 660 2604 2671 2691; baseline -0.002 -19"><span class='ocrx_word' id='word_1_135' title='bbox 660 2631 755 2672; x_wconf 91' lang='grc' dir='ltr'><strong>τον</strong></span> <span class='ocrx_word' id='word_1_136' title='bbox 802 2608 1073 2691; x_wconf 82' lang='grc' dir='ltr'><strong>(Δίωνα),</strong></span> <span class='ocrx_word' id='word_1_137' title='bbox 1120 2606 1255 2683; x_wconf 78' lang='grc' dir='ltr'><em>ἐξὸν,</em></span> <span class='ocrx_word' id='word_1_138' title='bbox 1284 2608 1581 2688; x_wconf 76' lang='grc' dir='ltr'><em>χρήματα</em></span> <span class='ocrx_word' id='word_1_139' title='bbox 1626 2608 1724 2673; x_wconf 76' lang='grc' dir='ltr'><strong>καὶ</strong></span> <span class='ocrx_word' id='word_1_140' title='bbox 1772 2604 1969 2679; x_wconf 70' lang='grc' dir='ltr'><em>ἄλλας</em></span> <span class='ocrx_word' id='word_1_141' title='bbox 2017 2606 2198 2684; x_wconf 70' lang='grc' dir='ltr'><em>τιμὰς</em></span> <span class='ocrx_word' id='word_1_142' title='bbox 2244 2607 2474 2678; x_wconf 72' lang='grc' dir='ltr'><em>πολλὰς</em></span> <span class='ocrx_word' id='word_1_143' title='bbox 2512 2621 2671 2682; x_wconf 80' lang='grc' dir='ltr'><em>λαρι-</em></span> 
     </span>
     <span class='ocr_line' id='line_1_19' title="bbox 659 2724 2674 2811; baseline -0.001 -21"><span class='ocrx_word' id='word_1_144' title='bbox 659 2726 883 2804; x_wconf 74' lang='grc' dir='ltr'><em>βοὲνειν,</em></span> <span class='ocrx_word' id='word_1_145' title='bbox 932 2748 992 2811; x_wconf 89' lang='lat' dir='ltr'><strong>p.</strong></span> <span class='ocrx_word' id='word_1_146' title='bbox 1043 2727 1172 2788; x_wconf 87' lang='grc'><strong>334</strong></span> <span class='ocrx_word' id='word_1_147' title='bbox 1218 2724 1291 2789; x_wconf 91' lang='grc' dir='ltr'><strong>Β.</strong></span> <span class='ocrx_word' id='word_1_148' title='bbox 1339 2724 1498 2789; x_wconf 78' lang='lat' dir='ltr'><strong>&#39;Pum</strong></span> <span class='ocrx_word' id='word_1_149' title='bbox 1553 2725 1850 2803; x_wconf 88' lang='lat' dir='ltr'><strong>ostendit,</strong></span> <span class='ocrx_word' id='word_1_150' title='bbox 1900 2725 2208 2810; x_wconf 88' lang='lat' dir='ltr'><strong>quodnam</strong></span> <span class='ocrx_word' id='word_1_151' title='bbox 2240 2725 2319 2788; x_wconf 87' lang='lat' dir='ltr'><strong>sit</strong></span> <span class='ocrx_word' id='word_1_152' title='bbox 2349 2724 2674 2788; x_wconf 89' lang='lat' dir='ltr'><strong>discrimen</strong></span> 
     </span>
     <span class='ocr_line' id='line_1_20' title="bbox 659 2841 2674 2921; baseline 0 -15"><span class='ocrx_word' id='word_1_153' title='bbox 659 2843 819 2907; x_wconf 84' lang='lat' dir='ltr'><strong>inter</strong></span> <span class='ocrx_word' id='word_1_154' title='bbox 855 2843 959 2918; x_wconf 70' lang='grc' dir='ltr'><strong>τὴν</strong></span> <span class='ocrx_word' id='word_1_155' title='bbox 997 2843 1294 2921; x_wconf 78' lang='grc' dir='ltr'><em>ἐλευθέρας</em></span> <span class='ocrx_word' id='word_1_156' title='bbox 1338 2841 1605 2917; x_wconf 79' lang='grc' dir='ltr'><em>παιδείας</em></span> <span class='ocrx_word' id='word_1_157' title='bbox 1637 2843 1947 2921; x_wconf 70' lang='grc' dir='ltr'><em>κοινωνίαν,</em></span> <span class='ocrx_word' id='word_1_158' title='bbox 1980 2843 2041 2907; x_wconf 90' lang='lat' dir='ltr'><strong>h.</strong></span> <span class='ocrx_word' id='word_1_159' title='bbox 2069 2867 2119 2907; x_wconf 92' lang='lat' dir='ltr'><strong>e.</strong></span> <span class='ocrx_word' id='word_1_160' title='bbox 2156 2844 2483 2907; x_wconf 89' lang='lat' dir='ltr'><strong>amicitiam</strong></span> <span class='ocrx_word' id='word_1_161' title='bbox 2514 2864 2674 2906; x_wconf 92' lang='lat' dir='ltr'><strong>com-</strong></span> 
     </span>
     <span class='ocr_line' id='line_1_21' title="bbox 659 2959 2671 3046; baseline 0 -22"><span class='ocrx_word' id='word_1_162' title='bbox 659 2962 834 3026; x_wconf 89' lang='lat' dir='ltr'><strong>muni</strong></span> <span class='ocrx_word' id='word_1_163' title='bbox 875 2959 1298 3046; x_wconf 89' lang='lat' dir='ltr'><strong>philosophiae</strong></span> <span class='ocrx_word' id='word_1_164' title='bbox 1330 2962 1506 3026; x_wconf 90' lang='lat' dir='ltr'><strong>cultu</strong></span> <span class='ocrx_word' id='word_1_165' title='bbox 1537 2961 1861 3026; x_wconf 89' lang='lat' dir='ltr'><strong>conflatam</strong></span> <span class='ocrx_word' id='word_1_166' title='bbox 1877 3011 1895 3040; x_wconf 93' lang='lat'><strong>,</strong></span> <span class='ocrx_word' id='word_1_167' title='bbox 1945 2969 2129 3046; x_wconf 87' lang='lat' dir='ltr'><strong>atque</strong></span> <span class='ocrx_word' id='word_1_168' title='bbox 2161 2962 2472 3046; x_wconf 88' lang='lat' dir='ltr'><strong>vulgarem</strong></span> <span class='ocrx_word' id='word_1_169' title='bbox 2501 2961 2671 3024; x_wconf 89' lang='lat' dir='ltr'><strong>illam</strong></span> 
     </span>
     <span class='ocr_line' id='line_1_22' title="bbox 659 3078 1424 3161; baseline 0.001 -18"><span class='ocrx_word' id='word_1_170' title='bbox 659 3087 722 3143; x_wconf 91' lang='lat' dir='ltr'><strong>et</strong></span> <span class='ocrx_word' id='word_1_171' title='bbox 764 3078 1062 3157; x_wconf 69' lang='grc' dir='ltr'><em>βαναύσου</em></span> <span class='ocrx_word' id='word_1_172' title='bbox 1105 3078 1424 3161; x_wconf 77' lang='grc' dir='ltr'><em>φιλότητα.</em></span> 
     </span>
    </p>

    <p class='ocr_par' dir='ltr' id='par_1_3' title="bbox 648 3197 2672 4346">
     <span class='ocr_line' id='line_1_23' title="bbox 747 3197 2672 3284; baseline 0.001 -22"><span class='ocrx_word' id='word_1_173' title='bbox 747 3197 1060 3279; x_wconf 75' lang='lat' dir='ltr'><strong>Quorsum</strong></span> <span class='ocrx_word' id='word_1_174' title='bbox 1104 3197 1254 3262; x_wconf 89' lang='lat' dir='ltr'><strong>haec</strong></span> <span class='ocrx_word' id='word_1_175' title='bbox 1299 3197 1546 3262; x_wconf 80' lang='lat' dir='ltr'><strong>omnia?</strong></span> <span class='ocrx_word' id='word_1_176' title='bbox 1578 3197 1656 3261; x_wconf 94' lang='lat' dir='ltr'><strong>Id</strong></span> <span class='ocrx_word' id='word_1_177' title='bbox 1685 3221 1763 3263; x_wconf 90' lang='lat' dir='ltr'><strong>ne</strong></span> <span class='ocrx_word' id='word_1_178' title='bbox 1794 3199 1931 3283; x_wconf 85' lang='lat' dir='ltr'><strong>quis</strong></span> <span class='ocrx_word' id='word_1_179' title='bbox 1965 3206 2248 3283; x_wconf 87' lang='lat' dir='ltr'><strong>quaerat,</strong></span> <span class='ocrx_word' id='word_1_180' title='bbox 2284 3199 2455 3263; x_wconf 85' lang='lat' dir='ltr'><strong>addit</strong></span> <span class='ocrx_word' id='word_1_181' title='bbox 2486 3199 2672 3284; x_wconf 90' lang='lat' dir='ltr'><strong>scrip-</strong></span> 
     </span>
     <span class='ocr_line' id='line_1_24' title="bbox 654 3314 2666 3400; baseline 0.002 -22"><span class='ocrx_word' id='word_1_182' title='bbox 654 3320 785 3394; x_wconf 89' lang='lat' dir='ltr'><strong>tor,</strong></span> <span class='ocrx_word' id='word_1_183' title='bbox 835 3340 894 3400; x_wconf 92' lang='lat' dir='ltr'><strong>p.</strong></span> <span class='ocrx_word' id='word_1_184' title='bbox 945 3317 1076 3380; x_wconf 86' lang='grc'><strong>334</strong></span> <span class='ocrx_word' id='word_1_185' title='bbox 1124 3314 1206 3379; x_wconf 84' lang='lat' dir='ltr'><strong>O:</strong></span> <span class='ocrx_word' id='word_1_186' title='bbox 1255 3320 1430 3382; x_wconf 78' lang='grc' dir='ltr'><em>ταῦτ’</em></span> <span class='ocrx_word' id='word_1_187' title='bbox 1474 3315 1691 3396; x_wconf 75' lang='grc' dir='ltr'><em>εἴρηται</em></span> <span class='ocrx_word' id='word_1_188' title='bbox 1736 3316 1941 3382; x_wconf 61' lang='grc' dir='ltr'><em>πάντα</em></span> <span class='ocrx_word' id='word_1_189' title='bbox 1985 3326 2091 3392; x_wconf 78' lang='grc' dir='ltr'><strong>τῆς</strong></span> <span class='ocrx_word' id='word_1_190' title='bbox 2136 3315 2474 3394; x_wconf 76' lang='grc' dir='ltr'><strong><em>ξυμβουλῆς</em></strong></span> <span class='ocrx_word' id='word_1_191' title='bbox 2499 3318 2666 3384; x_wconf 76' lang='grc' dir='ltr'><em>ἕνεκα</em></span> 
     </span>
     <span class='ocr_line' id='line_1_25' title="bbox 653 3433 2666 3515; baseline 0.001 -17"><span class='ocrx_word' id='word_1_192' title='bbox 653 3439 764 3498; x_wconf 83' lang='grc' dir='ltr'><strong>τῶν</strong></span> <span class='ocrx_word' id='word_1_193' title='bbox 827 3437 1102 3499; x_wconf 83' lang='grc' dir='ltr'><em>Διωνείων</em></span> <span class='ocrx_word' id='word_1_194' title='bbox 1168 3435 1357 3515; x_wconf 84' lang='grc' dir='ltr'><em>φίλων</em></span> <span class='ocrx_word' id='word_1_195' title='bbox 1419 3435 1516 3499; x_wconf 76' lang='grc' dir='ltr'><strong>καὶ</strong></span> <span class='ocrx_word' id='word_1_196' title='bbox 1580 3433 1898 3514; x_wconf 71' lang='grc' dir='ltr'><em>ξυγγενῶν.</em></span> <span class='ocrx_word' id='word_1_197' title='bbox 1983 3434 2220 3499; x_wconf 89' lang='lat' dir='ltr'><strong>Deinde</strong></span> <span class='ocrx_word' id='word_1_198' title='bbox 2282 3436 2497 3500; x_wconf 89' lang='lat' dir='ltr'><strong>suadet</strong></span> <span class='ocrx_word' id='word_1_199' title='bbox 2556 3436 2666 3514; x_wconf 86' lang='lat' dir='ltr'><strong>iis,</strong></span> 
     </span>
     <span class='ocr_line' id='line_1_26' title="bbox 655 3552 2662 3639; baseline 0.001 -24"><span class='ocrx_word' id='word_1_200' title='bbox 655 3552 821 3636; x_wconf 90' lang='lat' dir='ltr'><strong>quod</strong></span> <span class='ocrx_word' id='word_1_201' title='bbox 882 3553 1046 3617; x_wconf 89' lang='lat' dir='ltr'><strong>idem</strong></span> <span class='ocrx_word' id='word_1_202' title='bbox 1086 3555 1213 3638; x_wconf 87' lang='lat' dir='ltr'><strong>jam</strong></span> <span class='ocrx_word' id='word_1_203' title='bbox 1261 3552 1494 3639; x_wconf 91' lang='lat' dir='ltr'><strong>pridem</strong></span> <span class='ocrx_word' id='word_1_204' title='bbox 1541 3553 1840 3638; x_wconf 85' lang='lat' dir='ltr'><strong>Dionysio</strong></span> <span class='ocrx_word' id='word_1_205' title='bbox 1856 3603 1875 3633; x_wconf 91' lang='lat'><strong>,</strong></span> <span class='ocrx_word' id='word_1_206' title='bbox 1924 3561 2058 3618; x_wconf 90' lang='lat' dir='ltr'><strong>tum</strong></span> <span class='ocrx_word' id='word_1_207' title='bbox 2103 3554 2291 3618; x_wconf 91' lang='lat' dir='ltr'><strong>Dioni</strong></span> <span class='ocrx_word' id='word_1_208' title='bbox 2339 3555 2662 3633; x_wconf 87' lang='lat' dir='ltr'><strong>suasisset,</strong></span> 
     </span>
     <span class='ocr_line' id='line_1_27' title="bbox 650 3651 2667 3752; baseline 0.002 -18"><span class='ocrx_word' id='word_1_209' title='bbox 650 3672 734 3746; x_wconf 70' lang='grc' dir='ltr'><strong>μὴ</strong></span> <span class='ocrx_word' id='word_1_210' title='bbox 795 3672 1152 3737; x_wconf 73' lang='grc' dir='ltr'><em>δουλοῦσθαι.</em></span> <span class='ocrx_word' id='word_1_211' title='bbox 1199 3673 1474 3737; x_wconf 86' lang='grc' dir='ltr'><em>Σικελίαν</em></span> <span class='ocrx_word' id='word_1_212' title='bbox 1527 3673 1625 3736; x_wconf 84' lang='grc' dir='ltr'><strong>ὑπ’</strong></span> <span class='ocrx_word' id='word_1_213' title='bbox 1669 3673 1968 3752; x_wconf 70' lang='grc' dir='ltr'><em>ἀνθρώποις</em></span> <span class='ocrx_word' id='word_1_214' title='bbox 2013 3651 2401 3745; x_wconf 84' lang='grc' dir='ltr'><em>δεσπόταις..</em></span> <span class='ocrx_word' id='word_1_215' title='bbox 2428 3725 2480 3738; x_wconf 93' lang='grc'><strong>..</strong></span> <span class='ocrx_word' id='word_1_216' title='bbox 2527 3674 2667 3739; x_wconf 69' lang='grc' dir='ltr'><em>ἀλλ’</em></span> 
     </span>
     <span class='ocr_line' id='line_1_28' title="bbox 651 3788 2666 3875; baseline 0.001 -22"><span class='ocrx_word' id='word_1_217' title='bbox 651 3789 760 3853; x_wconf 78' lang='grc' dir='ltr'><strong>ὑπὸ</strong></span> <span class='ocrx_word' id='word_1_218' title='bbox 831 3789 1046 3872; x_wconf 81' lang='grc' dir='ltr'><em>νόμοις,</em></span> <span class='ocrx_word' id='word_1_219' title='bbox 1110 3812 1189 3853; x_wconf 92' lang='lat' dir='ltr'><strong>ne</strong></span> <span class='ocrx_word' id='word_1_220' title='bbox 1250 3789 1458 3854; x_wconf 87' lang='lat' dir='ltr'><strong>Sicilia</strong></span> <span class='ocrx_word' id='word_1_221' title='bbox 1517 3788 1879 3875; x_wconf 89' lang='lat' dir='ltr'><strong>subjiciatur</strong></span> <span class='ocrx_word' id='word_1_222' title='bbox 1922 3789 2242 3855; x_wconf 92' lang='lat' dir='ltr'><strong>hominum</strong></span> <span class='ocrx_word' id='word_1_223' title='bbox 2290 3791 2666 3870; x_wconf 88' lang='lat' dir='ltr'><strong>dominatui,</strong></span> 
     </span>
     <span class='ocr_line' id='line_1_29' title="bbox 653 3907 2667 3994; baseline 0.003 -24"><span class='ocrx_word' id='word_1_224' title='bbox 653 3907 760 3971; x_wconf 87' lang='lat' dir='ltr'><strong>sed</strong></span> <span class='ocrx_word' id='word_1_225' title='bbox 806 3907 1033 3992; x_wconf 90' lang='lat' dir='ltr'><strong>legum.</strong></span> <span class='ocrx_word' id='word_1_226' title='bbox 1097 3908 1294 3987; x_wconf 87' lang='lat' dir='ltr'><strong>Haec,</strong></span> <span class='ocrx_word' id='word_1_227' title='bbox 1342 3909 1581 3994; x_wconf 87' lang='lat' dir='ltr'><strong>inquit,</strong></span> <span class='ocrx_word' id='word_1_228' title='bbox 1632 3909 1859 3974; x_wconf 90' lang='lat' dir='ltr'><strong>ibidem</strong></span> <span class='ocrx_word' id='word_1_229' title='bbox 1908 3909 2000 3988; x_wconf 92' lang='lat' dir='ltr'><strong>D,</strong></span> <span class='ocrx_word' id='word_1_230' title='bbox 2047 3916 2248 3975; x_wconf 80' lang='grc' dir='ltr'><em>ταῦτα</em></span> <span class='ocrx_word' id='word_1_231' title='bbox 2294 3917 2508 3993; x_wconf 83' lang='grc' dir='ltr'><em>πρῶτον</em></span> <span class='ocrx_word' id='word_1_232' title='bbox 2559 3913 2667 3986; x_wconf 83' lang='grc' dir='ltr'><strong>μέν</strong></span> 
     </span>
     <span class='ocr_line' id='line_1_30' title="bbox 650 4026 2664 4111; baseline 0.002 -20"><span class='ocrx_word' id='word_1_233' title='bbox 650 4026 848 4091; x_wconf 85' lang='grc' dir='ltr'><em>Δίωνα</em></span> <span class='ocrx_word' id='word_1_234' title='bbox 904 4029 1019 4105; x_wconf 72' lang='grc' dir='ltr'><strong>ἐγὼ</strong></span> <span class='ocrx_word' id='word_1_235' title='bbox 1078 4029 1436 4109; x_wconf 79' lang='grc' dir='ltr'><em>ἐπεχείρησα</em></span> <span class='ocrx_word' id='word_1_236' title='bbox 1489 4029 1696 4094; x_wconf 85' lang='grc' dir='ltr'><em>πείθειν</em></span> <span class='ocrx_word' id='word_1_237' title='bbox 1720 4078 1733 4101; x_wconf 87' lang='grc'><em>,</em></span> <span class='ocrx_word' id='word_1_238' title='bbox 1780 4028 2033 4109; x_wconf 87' lang='grc' dir='ltr'><em>δεύτερον</em></span> <span class='ocrx_word' id='word_1_239' title='bbox 2078 4029 2138 4093; x_wconf 80' lang='grc' dir='ltr'><strong>δὲ</strong></span> <span class='ocrx_word' id='word_1_240' title='bbox 2183 4029 2467 4095; x_wconf 84' lang='grc' dir='ltr'><em>Διονύσιον</em></span> <span class='ocrx_word' id='word_1_241' title='bbox 2485 4080 2499 4106; x_wconf 92' lang='grc'><em>,</em></span> <span class='ocrx_word' id='word_1_242' title='bbox 2548 4031 2664 4111; x_wconf 90' lang='grc' dir='ltr'><em>τρί-</em></span> 
     </span>
     <span class='ocr_line' id='line_1_31' title="bbox 648 4131 2663 4230; baseline 0.003 -22"><span class='ocrx_word' id='word_1_243' title='bbox 648 4167 778 4216; x_wconf 86' lang='grc' dir='ltr'><em>τους</em></span> <span class='ocrx_word' id='word_1_244' title='bbox 818 4145 878 4209; x_wconf 77' lang='grc' dir='ltr'><strong>δὲ</strong></span> <span class='ocrx_word' id='word_1_245' title='bbox 911 4146 1066 4223; x_wconf 68' lang='grc' dir='ltr'><strong>ὑμᾶς</strong></span> <span class='ocrx_word' id='word_1_246' title='bbox 1098 4152 1193 4212; x_wconf 82' lang='grc' dir='ltr'><strong>νῦν</strong></span> <span class='ocrx_word' id='word_1_247' title='bbox 1214 4168 1229 4183; x_wconf 88' lang='grc'><em>·</em></span> <span class='ocrx_word' id='word_1_248' title='bbox 1277 4147 1382 4212; x_wconf 85' lang='grc' dir='ltr'><strong>καί</strong></span> <span class='ocrx_word' id='word_1_249' title='bbox 1425 4143 1521 4224; x_wconf 74' lang='grc' dir='ltr'><em>μοι’</em></span> <span class='ocrx_word' id='word_1_250' title='bbox 1568 4145 1823 4212; x_wconf 85' lang='grc' dir='ltr'><em>πείθεσθε</em></span> <span class='ocrx_word' id='word_1_251' title='bbox 1870 4145 2007 4218; x_wconf 83' lang='grc' dir='ltr'><em>Διὸς</em></span> <span class='ocrx_word' id='word_1_252' title='bbox 2052 4147 2241 4225; x_wconf 80' lang='grc' dir='ltr'><em>τρίτου</em></span> <span class='ocrx_word' id='word_1_253' title='bbox 2272 4131 2517 4227; x_wconf 63' lang='grc' dir='ltr'><em>σωτῆρος</em></span> <span class='ocrx_word' id='word_1_254' title='bbox 2539 4150 2663 4230; x_wconf 76' lang='grc' dir='ltr'><em>χοὶ-</em></span> 
     </span>
     <span class='ocr_line' id='line_1_32' title="bbox 648 4258 2659 4346; baseline 0.004 -21"><span class='ocrx_word' id='word_1_255' title='bbox 648 4285 760 4344; x_wconf 84' lang='grc' dir='ltr'><em>ριν,</em></span> <span class='ocrx_word' id='word_1_256' title='bbox 810 4258 940 4327; x_wconf 80' lang='grc' dir='ltr'><em>εἶτα</em></span> <span class='ocrx_word' id='word_1_257' title='bbox 977 4264 1056 4335; x_wconf 82' lang='grc' dir='ltr'><strong>εἷς</strong></span> <span class='ocrx_word' id='word_1_258' title='bbox 1105 4265 1392 4330; x_wconf 83' lang='grc' dir='ltr'><em>Διονύσιον</em></span> <span class='ocrx_word' id='word_1_259' title='bbox 1434 4263 1776 4341; x_wconf 76' lang='grc' dir='ltr'><em>βλέψαντες</em></span> <span class='ocrx_word' id='word_1_260' title='bbox 1824 4264 1921 4327; x_wconf 76' lang='grc' dir='ltr'><strong>καὶ</strong></span> <span class='ocrx_word' id='word_1_261' title='bbox 1972 4264 2195 4344; x_wconf 87' lang='grc' dir='ltr'><em>Δίωνα,</em></span> <span class='ocrx_word' id='word_1_262' title='bbox 2244 4261 2316 4329; x_wconf 75' lang='grc' dir='ltr'><strong>ὧν</strong></span> <span class='ocrx_word' id='word_1_263' title='bbox 2362 4269 2389 4330; x_wconf 80' lang='grc' dir='ltr'>ὅ</span> <span class='ocrx_word' id='word_1_264' title='bbox 2438 4268 2545 4346; x_wconf 83' lang='grc' dir='ltr'><strong>μὲν</strong></span> <span class='ocrx_word' id='word_1_265' title='bbox 2574 4271 2659 4346; x_wconf 74' lang='grc' dir='ltr'><strong>μὴ</strong></span> 
     </span>
    </p>
   </div>
  </div>
 </body>
</html>
