3092 5084
1567 506 1690 564 220

623 706 763 770 culo
827 709 1026 791 tertio)
1107 710 1407 773 ferrentur
1468 711 1776 783 Πλάτωνος
1839 713 2129 792 διαιρέσεις
2191 715 2428 799 spurias
2475 737 2602 777 esse
2618 741 2636 790 3

622 825 1039 912 PhiloponuS,
1104 830 1211 912 qni
1273 829 1552 893 ducentis
1601 831 1862 916 amplius
1895 833 2069 896 annis
2100 839 2238 917 post
2269 834 2454 909 vixit,
2491 833 2639 900 dicit

622 944 847 1008 librum
921 947 1193 1010 Platonis
1258 948 1373 1011 hoc
1436 949 1624 1012 titulo
1688 971 1764 1012 ne
1829 959 2061 1014 exstare
2129 951 2412 1034 quidem;
2462 953 2638 1016 ambo

622 1063 882 1147 denique
928 1066 1241 1149 probabile
1289 1068 1672 1145 existimant,
1715 1069 2009 1148 διαιρέσεις
2041 1069 2383 1134 referendas
2409 1094 2537 1134 esse
2562 1070 2640 1134 ad

621 1181 701 1245 τα
748 1180 1008 1262 ἄγραφα
1052 1184 1367 1259 δόγματα,
1408 1206 1564 1268 quae
1599 1186 1957 1250 Aristoteles
1989 1187 2242 1270 (aliusve
2268 1187 2638 1269 auditorum)

622 1322 654 1362 e
720 1299 990 1363 Platonis
1053 1302 1275 1366 scholis
1338 1305 1750 1388 excerpsisset.
1845 1305 2148 1370 Ultimum
2210 1307 2324 1370 hoc
2390 1317 2641 1391 apparet

623 1440 654 1480 e
702 1421 1049 1504 conjectura
1095 1423 1240 1506 poni
1256 1473 1276 1512 ,-
1341 1423 1504 1486 unde
1551 1424 1704 1488 effici
1752 1433 1986 1509 potest,
2036 1427 2286 1510 opinor,
2349 1439 2638 1489 neutrum

619 1537 867 1601 illorum
907 1539 1237 1618 librorum,
1289 1563 1400 1605 nec
1439 1543 1729 1622 διαιρέσεις
1774 1565 1973 1627 neque
2019 1545 2280 1628 ἄγραφα
2317 1545 2634 1622 δόγματα,

620 1655 743 1718 illis
791 1657 1106 1741 cognitum
1156 1659 1359 1724 fuisse.
1527 1650 1531 1654 ¹

710 1774 1070 1840 Brandisius
1118 1779 1198 1861 (p.
1241 1781 1343 1860 12)
1390 1780 1678 1862 opinatur
1710 1780 2098 1844 Aristotelem
2135 1789 2267 1852 ταῖς
2308 1780 2634 1860 διαιρέσεσιν
2699 1823 2704 1826 -

624 1893 965 1978 intelligere
1033 1895 1259 1960 librum
1320 1919 1355 1959 a
1416 1920 1479 1960 se
1541 1898 1835 1984 scriptum
1881 1899 2006 1977 περὶ
2053 1900 2317 1976 τάγαθοῦ
2335 1949 2353 1982 ,
2400 1901 2466 1962 in
2513 1923 2634 1983 quo

625 2013 861 2076 scholas
907 2013 1181 2078 Platonis
1214 2017 1593 2100 exposuisset
1640 2025 1698 2080 et
1743 2039 2006 2100 quorum
2055 2025 2287 2102 partem
2334 2017 2636 2081 efficerent

624 2132 935 2210 διαιρέσεις.
1000 2133 1077 2196 Id
1122 2144 1326 2198 tamen
1375 2158 1448 2198 ex
1491 2136 1626 2219 ipso
1672 2136 1856 2199 titulo
1905 2158 2117 2221 parum
2166 2145 2256 2199 est
2302 2136 2633 2220 probabile,

624 2259 685 2313 et
731 2257 1038 2335 praeterea
1083 2253 1303 2316 notitia
1349 2253 1490 2319 libri
1526 2253 1659 2344 ίπερὶ
1708 2257 1971 2330 τοὶγαθοῦ
2020 2255 2198 2318 etiam
2245 2254 2530 2318 incertior
2577 2265 2638 2318 et

625 2370 935 2434 obscurior
980 2382 1073 2436 est
1118 2395 1301 2456 quam
1347 2373 1636 2456 διαιρέσεις
1654 2424 1670 2455 ,
1721 2380 1793 2437 ut
1838 2396 1978 2438 mox
2025 2373 2357 2438 ostendam.

712 2489 1052 2555 Suckovius
1099 2493 1350 2558 eandem
1392 2494 1777 2578 amplectitur
1809 2515 1992 2577 quam
2025 2493 2369 2558 Alexander
2400 2502 2636 2558 senten·

622 2609 769 2673 tiam
788 2660 806 2686 ,
856 2618 1130 2675 statuens
1176 2619 1309 2682 ταῖς
1356 2612 1684 2692 διαιρέσεσιν
1730 2611 2158 2696 intelligendas
2216 2636 2343 2677 esse
2369 2612 2638 2697 disputa-

624 2729 821 2792 tiones
868 2751 903 2791 a
949 2727 1204 2793 Platone
1250 2731 1313 2794 in
1362 2730 1585 2794 scholis
1633 2730 1900 2807 habitas,
1935 2752 2086 2814 quas
2119 2731 2476 2794 Aristoteles
2508 2731 2637 2814 ipse

624 2845 741 2910 sibi
772 2845 995 2910 chartis
1032 2847 1396 2912 mandasset.
1428 2849 1474 2932 ¹)
1523 2847 1753 2912 Contra
1781 2870 1966 2932 quam
2013 2848 2363 2933 opinionem
2407 2848 2474 2911 id
2505 2857 2635 2912 tan·

628 2975 758 3029 tum
807 2966 1409 3030 animadvertendum
1466 2967 1657 3030 habeo
1671 3016 1690 3043 ,
1739 2967 1936 3031 verbis
1966 2966 2229 3046 καθάπερ
2297 2968 2550 3032 Πλάτων
2581 2968 2637 3030 ἐν

626 3093 757 3156 ταῖς
814 3085 1114 3165 διαιρέσεσι
1164 3085 1478 3149 manifeste
1540 3085 1865 3171 significari
1927 3086 2154 3149 librum
2198 3086 2294 3149 vel
2343 3107 2638 3149 commen-

626 3204 851 3269 tarium
898 3204 1171 3268 Platonis
1218 3205 1462 3269 nomine
1484 3235 1488 3242 ·
1510 3203 1777 3281 editum,
1828 3205 1953 3267 sive
1999 3205 2074 3269 ab
2122 3205 2254 3288 ipso
2303 3214 2459 3268 esset
2506 3227 2640 3289 pro-

627 3325 820 3389 fectus
868 3326 993 3389 sive
1039 3324 1114 3388 ab
1162 3325 1367 3408 aliquo
1415 3324 1766 3390 auditorum
1799 3348 1831 3388 e
1861 3325 2135 3408 magistri
2167 3323 2388 3388 scholis
2421 3323 2639 3387 confla-

626 3451 764 3520 tus;
810 3465 934 3506 non
980 3465 1121 3517 vero
1166 3445 1665 3507 commentarium
1713 3443 2003 3526 aliquem,
2053 3465 2233 3525 quem
2281 3441 2636 3505 Aristoteles

631 3586 662 3626 e
708 3562 982 3645 magistri
1029 3585 1128 3625 ore
1178 3569 1497 3647 exceptum
1537 3584 1679 3624 suos
1711 3563 1777 3624 in
1809 3584 1960 3625 usus
1993 3533 2349 3644 scripsisset.
2421 3560 2558 3624 Hoc
2591 3561 2642 3622 si

696 3823 745 3883 1)
779 3823 1007 3880 Siickow,
1046 3822 1199 3872 [301101-
1231 3822 1307 3870 die
1341 3820 1464 3870 wios.
1501 3837 1549 3870 ιι.
1584 3821 1762 3870 kunntl.
1799 3821 1943 3870 Form
1979 3820 2064 3869 der
2097 3821 2286 3868 Platon.
2308 3820 2442 3869 Schr.
2488 3820 2643 3868 Verba

630 3918 732 3968 eius
765 3925 875 3968 sunt
910 3919 1047 3977 haec,
1083 3935 1131 3982 p.
1165 3917 1228 3969 97
1244 3939 1255 3966 :
1294 3918 1485 3976 „Daher
1520 3917 1669 3966 bleibt
1703 3933 1794 3966 uns
1828 3933 1920 3965 nur
1954 3917 2030 3965 dic
2064 3916 2311 3982 Anpnahme
2345 3916 2514 3980 fibi-ig,
2538 3915 2642 3964 dass

630 4016 913 4065 Aristoteles
956 4015 1006 4064 in
1035 4015 1178 4077 jenen
1216 4017 1409 4064 Worten
1445 4014 1531 4062 auf
1559 4013 1834 4063 miindliche
1870 4014 2104 4076 Vortrage
2139 4011 2336 4060 Platons
2370 4011 2466 4059 und
2507 4010 2642 4059 dabei

629 4113 843 4176 zugleich
891 4113 977 4160 auf
1022 4111 1151 4160 scine
1202 4113 1365 4176 eigene
1411 4110 1712 4161 schriftliche
1766 4109 2127 4172 Aufzeichnung
2172 4106 2446 4166 det-selben,
2500 4107 2642 4155 deren

632 4209 889 4258 theilweiee
942 4207 1214 4272 Erhaltung
1261 4209 1346 4260 wir
1411 4187 1519 4260 dem
1577 4207 1817 4272 Diogenes
1877 4204 2097 4257 Lacrtins
2145 4203 2441 4263 νει-1131111011,
2488 4202 2648 4271 hinge-

631 4304 801 4353 wiesen
835 4303 1003 4356 habe.'’
