3092 5084
1577 465 1702 559 164

632 702 831 769 ditum
893 713 1094 770 autem
1160 705 1236 769 ab
1297 704 1413 768 hoc
1478 704 1695 768 itinere
1749 723 1944 787 usque
1989 703 2068 766 ad
2112 703 2371 767 alterum
2415 703 2532 766 iter
2575 702 2640 766 in

628 820 897 886 Siciliam
950 822 1424 887 intercesserunt
1466 823 1591 887 fere
1635 823 1852 906 viginti
1901 822 2064 887 anni.
2129 821 2316 902 Quod
2345 822 2634 907 temporis

626 941 894 1025 spatium
945 940 1248 1026 quomodo
1301 944 1689 1026 transegerit,
1742 941 1998 1027 epistola
2039 941 2281 1006 silentio
2313 942 2600 1026 praeterit
2615 966 2634 1019 ς

623 1060 690 1124 111
734 1061 995 1125 transitu
1042 1037 1286 1127 tantum
1333 1068 1746 1126 memorantur
1793 1061 1922 1124 eius
1969 1059 2260 1140 διατριβαὶ
2308 1062 2407 1124 οὐκ
2441 1060 2636 1140 αἰσχύ·

625 1202 792 1258 μονες
854 1180 936 1264 (p.
1000 1181 1127 1243 329
1198 1179 1275 1264 Β)
1333 1186 1395 1243 et
1448 1177 1834 1264 praedicatur
1892 1178 2150 1242 facultas
2212 1178 2342 1241 eius
2401 1200 2642 1261 persua-

624 1295 843 1375 dendi,
894 1319 1017 1381 qua
1062 1277 1474 1362 adolescentes
1520 1298 1681 1362 inter
1726 1319 1789 1361 se
1835 1299 1914 1368 εἱς
1959 1297 2165 1380 φιλίων
2209 1297 2308 1360 καὶ
2355 1297 2636 1377 ἑταιρείαν

622 1415 945 1479 conciliare
987 1423 1191 1501 posset
1223 1418 1306 1501 (p.
1347 1419 1476 1480 328
1517 1416 1631 1499 D):
1671 1437 1826 1499 quae
1868 1422 2144 1500 spectant
2169 1415 2244 1478 ad
2279 1414 2634 1480 scholam'in

622 1533 953 1598 Academia
997 1534 1341 1614 conditam3
1383 1533 1459 1598 de
1488 1534 1811 1599 itineribus
1842 1534 2017 1598 nihil.
2079 1533 2311 1598 Exacto
2343 1533 2459 1598 hoc
2488 1541 2636 1598 tem-

621 1675 767 1738 pore
803 1653 1028 1717 iterum
1056 1653 1123 1746 in
1155 1653 1424 1717 Siciliam
1455 1653 1764 1738 profectus
1781 1703 1800 1730 ,
1832 1659 2126 1717 memorat
2164 1675 2226 1716 se
2258 1652 2323 1715 in
2363 1651 2633 1717 discessu

622 1771 842 1835 adiisse
911 1771 1245 1837 Tarentum
1316 1779 1376 1836 et
1436 1795 1576 1836 cum
1637 1771 1908 1856 Archyta
1967 1771 2302 1857 hospitium
2357 1772 2632 1858 junxisse

622 1891 704 1974 (p.
756 1892 883 1954 338
931 1889 1004 1977 G)
1020 1917 1040 1970 3
1086 1890 1229 1955 inde
1275 1891 1550 1955 Athenas
1596 1913 1871 1955 reversus
1919 1897 2028 1954 est.
2112 1889 2262 1954 Erat
2301 1897 2437 1954 tum
2468 1911 2631 1954 sexa-

619 2009 903 2094 genarius
951 2016 1013 2074 et
1058 2009 1133 2073 ad
1178 2009 1689 2094 peregrinandum
1726 2009 1954 2074 tardior
1967 2036 1986 2088 3
2020 2009 2418 2073 nihilominus
2449 2009 2629 2073 tertio

618 2127 696 2191 ad
748 2129 1111 2214 Dionysium
1160 2129 1481 2214 profectus·
1513 2136 1638 2206 est,
1686 2128 1850 2193 unde
1894 2150 1957 2192 re
2001 2128 2227 2192 infecta
2265 2129 2392 2214 jam
2437 2149 2627 2212 paene

616 2247 1116 2332 septuagenarius
1162 2247 1228 2311 in
1274 2245 1592 2312 Graeciam
1636 2246 1836 2311 rediit.
1921 2246 2039 2310 Per
2067 2246 2272 2310 omnia
2300 2245 2450 2309 haec
2478 2252 2628 2309 tem-

617 2387 767 2450 pora
827 2365 903 2430 de
962 2365 1286 2430 itineribus
1343 2365 1411 2430 in
1456 2365 1605 2430 alias
1650 2367 1925 2450 regiones
1970 2365 2146 2430 factis
2189 2387 2302 2430 nec
2346 2364 2484 2428 vola
2515 2386 2626 2428 nec

614 2485 941 2570 vestigium
955 2533 975 2563 ,
1009 2507 1378 2570 quamquam
1409 2507 1480 2550 ea
1509 2484 2019 2550 commemorandi
2049 2485 2282 2549 occasio
2315 2491 2530 2569 sponte
2562 2505 2626 2548 se

617 2603 923 2668 offerebat.
982 2600 1166 2668 Unde
1212 2603 1498 2688 colligere
1541 2605 1714 2682 licet,
1749 2612 1855 2669 aut
1886 2604 2239 2689 scriptorem
2268 2603 2488 2667 itinera
2517 2602 2628 2666 illa

613 2722 949 2806 ignorasse,
999 2729 1139 2800 aut,
1180 2723 1234 2785 si
1261 2723 1435 2786 novit
1452 2772 1469 2800 ,
1505 2723 1820 2809 proposito
1850 2722 2047 2808 operis
2078 2723 2386 2786 intentum
2417 2720 2628 2786 oblivi-

616 2863 730 2904 one
761 2841 1158 2927 praeteriisse.
1205 2841 1555 2906 Memoratu
1585 2849 1789 2906 autem
1812 2841 2068 2926 dignum
2098 2865 2296 2926 neque
2318 2842 2387 2906 in
2412 2841 2625 2906 ceteris

614 2957 905 3045 Epistolis
951 2958 1283 3024 Platonicis
1332 2960 1408 3025 de
1451 2961 1936 3045 peregrinatione
1966 2960 2074 3024 illa
2104 2961 2435 3044 quicquam
2462 2960 2624 3045 legi3

613 3082 827 3140 contra
890 3077 957 3142 in
1017 3075 1338 3142 Socraticis
1397 3100 1555 3162 quae
1598 3079 1880 3142 feruntur
1922 3077 2216 3164 Epistolis
2231 3129 2250 3158 ,
2299 3100 2458 3162 quae
2502 3077 2625 3142 illis

612 3202 758 3260 sunt
802 3203 963 3261 certe
1002 3195 1316 3281 aliquanto
1354 3197 1715 3263 recentiores
1729 3247 1748 3276 ,
1795 3196 1872 3262 de
1893 3197 2212 3262 itineribus
2245 3197 2370 3261 illis
2393 3196 2624 3262 mentio

610 3314 700 3379 fit.
791 3313 1013 3401 Itaque
1072 3338 1198 3380 non
1259 3335 1705 3401 supervacuum
1761 3316 2013 3401 opinor,
2061 3338 2218 3400 quae
2271 3315 2349 3382 de
2392 3315 2621 3380 itineri-

610 3433 727 3497 bus
773 3433 1047 3498 Platonis
1092 3433 1375 3520 Megara,
1423 3433 1726 3520 Cyrenen,
1775 3435 1841 3499 in
1881 3435 2263 3520 Aegyptum,
2288 3434 2622 3500 Tarentum

556 3600 564 3607 .
606 3550 837 3618 tradita
880 3558 1027 3617 sunt
1040 3601 1059 3632 ,
1116 3574 1239 3636 qua
1287 3552 1650 3617 auctoritate
1686 3553 1964 3617 nitantur
1993 3552 2214 3637 quidve
2245 3552 2320 3617 iis
2349 3553 2620 3618 tribuen-

612 3669 760 3733 dum
811 3670 891 3734 sit
942 3670 1117 3748 fidei,
1160 3671 1484 3754 inquirere.
1556 3670 1735 3736 Subit
1799 3672 1957 3736 enim
2008 3672 2294 3756 cogitatio
2311 3721 2329 3749 ,
2379 3693 2618 3736 omnem

610 3788 779 3853 illam
839 3790 1386 3874 peregrinationem
1443 3790 1594 3876 fingi
1640 3791 1914 3876 potuisse
1961 3789 2034 3855 ab
2082 3791 2428 3855 hominibus
2469 3791 2620 3855 otio-

611 3905 713 3986 siS,
746 3907 873 3971 sive
912 3906 1149 3984 studio,
1191 3907 1357 3992 quod
1395 3906 1714 3972 Platonem
1738 3909 1852 3974 hac
1872 3909 1939 3972 in
1962 3930 2026 3972 re
2047 3907 2258 3973 Soloni
2273 3959 2292 3988 ,
2319 3908 2618 3994 Pythago-

609 4047 744 4106 rae,
783 4025 1133 4091 Democrito
1158 4027 1367 4091 cedere
1388 4027 1658 4106 nollent,
1685 4029 1810 4091 sive
1835 4027 2000 4111 quod
2024 4028 2420 4112 opinarentur
2442 4050 2615 4107 eum,

611 4131 768 4229 quae
813 4145 890 4210 de
934 4147 1251 4233 Aegypto,
1300 4147 1376 4211 de
1421 4147 1856 4232 PythagoreiS,
1907 4147 1982 4210 de
2027 4147 2349 4232 Megaricis
2402 4148 2613 4225 refert,

610 4285 856 4330 noscere
898 4287 1024 4330 non
1069 4266 1343 4350 potuisse
1356 4315 1376 4344 ,
1424 4266 1544 4330 nisi
1589 4268 1653 4331 in
1699 4266 1848 4352 ipsis
1892 4265 2016 4330 illis
2046 4265 2197 4330 locis
2237 4274 2394 4332 esset
2421 4288 2616 4331 versa-
