3092 5084
1379 1306 1772 1401 CAPUT
1844 1308 1972 1401 IV.

1266 1647 1369 1691 DE
1436 1646 1883 1691 EPISTOLA
1949 1644 2046 1689 111.

1457 1959 1878 2001 -οοῗοςμ

752 2250 922 2315 Haeo
967 2272 1211 2334 quoque
1257 2249 1512 2334 epistola
1557 2250 1781 2335 scripta
1812 2256 1903 2313 est
1933 2256 2072 2333 post
2100 2247 2372 2311 Platonis
2403 2245 2669 2310 reditum

664 2368 739 2433 ab
801 2368 1018 2432 ultimo
1063 2369 1280 2432 itinere
1326 2367 1403 2431 ad
1448 2367 1813 2452 Dionysium
1857 2368 2182 2445 minorem,
2232 2388 2354 2450 quo
2400 2375 2671 2449 tempore

661 2487 783 2552 Dio
843 2488 906 2552 in
966 2487 1383 2572 Peloponneso
1445 2487 1648 2572 copias
1709 2486 1957 2571 parabat
2023 2493 2094 2550 ut
2153 2483 2533 2570 tyrannidem
2577 2481 2671 2546 illi

662 2607 917 2691 eriperet
962 2612 1022 2669 et
1068 2604 1335 2670 Siciliam
1366 2606 1431 2669 in
1460 2606 1802 2670 libertatem
1832 2605 2180 2685 vindicaret.
2249 2605 2520 2687 Apparet
2550 2602 2667 2666 hoe

662 2746 735 2789 ex
779 2725 957 2789 initio
1003 2724 1135 2809 (D),
1184 2724 1291 2788 ubi
1329 2723 1663 2809 Dionysius
1695 2723 1920 2788 dieitur
1949 2723 2193 2787 Platoni
2225 2721 2512 2808 objecisse
2545 2743 2674 2805 per-

661 2842 901 2919 fidiam,
980 2844 1053 2913 ὡς
1128 2848 1222 2907 νῦν
1261 2889 1277 2906 .
1306 2891 1319 2906 .
1348 2890 1363 2905 .
1433 2850 1550 2914 τοῖς
1619 2842 1955 2919 διανοήμασι
2024 2849 2141 2913 τοῖς
2209 2848 2324 2911 σοῖς
2395 2842 2497 2914 τὴν
2566 2841 2670 2913 σὴν

661 2962 851 3042 ἀρχὴν
908 2960 1312 3041 ἀφαιρούμεθά
1371 2984 1457 3025 σε.
1557 2959 1735 3023 Plato
1797 2959 1946 3024 abiit
2007 2982 2079 3023 ex
2139 2957 2346 3022 Sicilia
2391 2980 2443 3021 a.
2493 2978 2546 3019 a.
2598 2954 2667 3019 G.

662 3081 827 3155 3603
892 3078 1011 3142 Dio
1070 3084 1273 3142 autem
1334 3077 1586 3143 classem
1647 3078 1722 3141 ad
1784 3078 2048 3142 insulam
2109 3077 2346 3161 appulit
2393 3099 2446 3139 a.
2496 3098 2548 3139 a.
2599 3073 2670 3137 G.

666 3200 816 3263 357.
910 3196 1117 3277 Quare
1176 3196 1435 3281 epistola
1480 3196 1706 3281 scripta
1752 3219 1879 3260 esse
1924 3196 2178 3280 fingitur
2225 3217 2277 3259 a.
2327 3217 2379 3257 a.
2430 3192 2499 3257 O.
2543 3195 2670 3255 359

664 3314 763 3379 vel
810 3316 959 3379 358.

746 3430 1157 3495 Summarium
1202 3431 1316 3495 hoe
1364 3438 1474 3496 est.
1545 3429 1848 3494 Nonnihil
1893 3430 2199 3515 praefatus
2247 3429 2321 3492 de
2363 3425 2669 3491 salutandi

657 3549 934 3614 formulis
976 3551 1205 3631 χαίρειν
1250 3557 1311 3613 et
1342 3546 1405 3614 εὖ
1435 3546 1738 3628 πράττειν,
1780 3548 1930 3612 dicit
1969 3571 2032 3611 se
2064 3547 2367 3612 audivisse
2397 3566 2668 3609 rumores

659 3690 694 3731 a
738 3666 1034 3751 Dionysio
1080 3667 1307 3753 spargi,
1358 3665 1524 3751 quod
1572 3666 1792 3751 (Plato)
1840 3688 2004 3730 nune
2050 3665 2238 3729 Dioni
2285 3661 2568 3727 suaderet
2601 3684 2672 3725 ea

658 3787 792 3870 ipsa
862 3786 1055 3850 faeere
1067 3836 1086 3865 ,
1162 3808 1319 3872 quae
1388 3785 1684 3869 Dionysio
1756 3784 2068 3869 quondam
2129 3783 2322 3848 faeere
2383 3780 2678 3865 cogitanti

661 3902 1077 3984 dissuasisset,
1140 3928 1357 3990 nempe
1417 3905 1483 3971 τὸ
1528 3906 1640 3977 ταὶς
1709 3905 2052 3979 Ἑλληνίδας
2109 3902 2304 3975 πόλεις
2350 3900 2572 3981 οἰκίζειν
2618 3907 2679 3963 et

660 4023 765 4095 τὴν
809 4024 997 4103 ἀρχὴν
1041 4024 1105 4087 ἐκ
1148 4024 1464 4103 τυραννίδος
1512 4025 1591 4096 εἷς
1619 4024 1936 4101 βασιλείων
1967 4030 2339 4100 μεταστῆσαι
2373 4021 2522 4105 (315
2548 4018 2675 4102 D.).

666 4138 831 4204 Huic
876 4142 1106 4206 recenti
1151 4142 1558 4207 criminationi
1599 4142 1772 4207 addit
1804 4149 2066 4207 veterem
2085 4192 2103 4220 ,
2137 4140 2442 4225 quondam
2475 4161 2511 4201 a
2541 4136 2681 4199 Phi-

666 4258 871 4325 listide
916 4269 979 4324 et
1022 4261 1157 4326 aliis
1204 4261 1539 4326 aulicorum
1586 4262 1851 4346 maligne
1896 4284 2162 4347 sparsam
2179 4309 2197 4338 ,
2254 4257 2678 4351 dictitantibus
