3092 5084
1595 484 1680 543 94

635 686 700 765 ἦν
720 703 723 707 ’
744 687 879 753 τότε
921 688 1003 752 τοὶ
1046 686 1127 751 σοὶ
1170 686 1581 764 βουλεύεσθαι,
1629 692 1730 751 σοῦ
1778 686 1835 751 δὲ
1892 684 2044 756 ὄντος
2090 685 2194 763 μὲν
2225 682 2460 765 σφόδρα
2487 684 2636 762 νέου,

635 815 855 881 πολλῆς
900 806 958 869 δὲ
1015 806 1279 886 ἀπειρίαις
1339 803 1509 881 οὔσης
1570 804 1695 885 περὶ
1739 804 1804 869 σὲ
1849 804 2064 869 τούτων
2109 801 2180 869 ὧν
2225 802 2486 883 ἔμπειρον
2531 802 2639 869 ἔδει

633 924 964 1003 γεγονέναι,
1026 923 1124 989 καὶ
1183 924 1409 1006 σφόδροο
1468 924 1724 1001 ἀγνῶτος
1785 924 1914 1001 ἐμοί
1930 972 1944 987 .
2006 922 2074 989 τὸ
2119 922 2278 1001 μετὰ
2321 904 2490 989 τοῦτο
2535 920 2640 987 εἴτ’

633 1042 918 1124 ἄνθρωπος
961 1042 1079 1107 εἴτε
1120 1044 1240 1115 θεὸς
1286 1042 1402 1108 εἴτε
1446 1040 1608 1123 τύχη
1654 1066 1740 1113 τις
1787 1042 1949 1119 μετὰ
1995 1048 2096 1107 σοῦ
2145 1042 2340 1107 Δίωνος
2385 1040 2640 1119 ἐξέβαλε

633 1162 730 1227 ma)
778 1161 1045 1242 ἐλείφθης
1090 1161 1277 1237 μόνος.
1370 1158 1570 1224 Nemo
1630 1160 1778 1223 haec
1837 1160 2044 1245 legens
2101 1179 2227 1223 non
2273 1158 2642 1222 animadver-

633 1287 759 1358 tat,
826 1302 981 1364 quae
1044 1278 1142 1343 hic
1204 1278 1281 1343 de
1325 1278 1524 1343 Dione
1571 1286 1632 1343 et
1675 1278 1972 1363 Dionysio
2019 1276 2504 1343 adolescentibus
2552 1276 2640 1339 di-

636 1405 863 1463 cuntur
905 1388 1137 1482 aliquid
1184 1397 1499 1482 superbiae
1544 1396 1770 1482 spirare
1784 1447 1803 1473 ‚
1847 1397 2020 1482 quasi
2051 1418 2226 1461 nemo
2259 1396 2336 1460 ad
2367 1396 2451 1461 τοὶ
2480 1410 2641 1461 πολι-

634 1520 774 1584 τικοὶ
818 1524 1025 1602 posset
1062 1538 1191 1580 esse
1236 1516 1574 1581 instructus
1611 1516 1732 1580 nisi
1771 1516 1876 1599 qui
1907 1516 2151 1581 Platoni
2173 1516 2453 1600 cognitus
2482 1521 2643 1577 esset

634 1644 693 1699 et
738 1636 1048 1721 probatus,
1141 1633 1259 1699 Sed
1320 1634 1435 1697 hoc
1480 1641 1554 1698 ut
1599 1634 1904 1712 omittam,
1955 1633 2264 1697 videamus
2311 1632 2386 1697 dc
2416 1630 2635 1695 venbis.

634 1755 909 1819 Primum
956 1753 1201 1818 attende
1245 1752 1666 1837 repetitionem
1710 1752 1776 1817 in
1820 1753 1948 1815 his:
1998 1753 2192 1835 ἡλικίᾳ
2219 1752 2370 1835 μέση
2401 1750 2500 1815 καὶ
2531 1775 2636 1815 κοι-

634 1871 939 1951 θεστηκυίᾳ
974 1872 1053 1955 ι);
1100 1869 1285 1935 iidem
1346 1870 1635 1935 nimirum
1697 1876 1843 1934 sunt
1902 1872 1951 1935 οἱ
2008 1868 2422 1945 καθεστηκότες
2483 1876 2545 1931 et
2588 1868 2638 1932 οἱ

635 1994 719 2057 ἐν·
750 1990 901 2070 μέση
952 1990 1163 2071 ἡλικίᾳ.
1266 1987 1409 2069 Quo
1477 1996 1681 2053 autem
1746 1989 2004 2053 refertur
2067 1989 2411 2073 proximum
2476 1986 2635 2050 illud

634 2106 749 2174 ὧνΡ
838 2106 983 2171 Non
1043 2114 1246 2200 postest
1304 2107 1507 2171 referri
1526 2157 1543 2185 ,
1616 2106 1780 2191 quod
1845 2106 2042 2191 prima
2087 2106 2284 2191 specie
2331 2104 2634 2182 videatur,

633 2226 710 2290 ad
759 2226 986 2302 ἡλικίαν
1030 2225 1210 2303 μέσην
1258 2225 1356 2289 xx}
1404 2225 1849 2303 καθεστηκυίοον,
1884 2247 2076 2308 quum
2107 2224 2254 2288 haec
2287 2223 2411 2287 duo
2443 2245 2639 2297 unum

632 2344 915 2427 idemque
959 2350 1191 2407 notent.
1284 2342 1377 2406 Ex
1421 2344 1735 2408 amborum
1776 2344 2187 2407 >membrorum
2217 2343 2598 2428 oppositione
2617 2391 2636 2419 ‚

635 2468 738 2527 τοῦ
782 2462 889 2539 μὲν
934 2460 1443 2539 δεδοκιμασμένου,
1492 2509 1507 2524 .
1538 2509 1552 2524 .
1583 2512 1596 2527 .
1659 2462 1716 2523 ἐν
1773 2461 1970 2544 ἡλικίᾳ
2012 2460 2062 2525 δ’
2087 2460 2240 2532 ὄντος
2264 2510 2282 2538 ,
2333 2467 2393 2523 et
2437 2466 2538 2524 σοῦ
2583 2458 2644 2523 δὲ

548 2626 553 2639 .
639 2578 790 2651 ὄντος
836 2578 953 2644 νέου
1001 2628 1015 2641 .
1044 2630 1059 2643 .
1088 2627 1103 2642 .
1151 2578 1248 2643 καὶ
1294 2580 1553 2655 ἀγνῶτος
1601 2578 1730 2655 ἐμοί
1736 2628 1756 2657 ,
1805 2585 2053 2663 apparet
2097 2577 2334 2663 phu-ale
2381 2574 2452 2641 ὧν
2497 2578 2644 2661 refe-

593 2730 597 2734 >
630 2699 897 2763 ·1·endum
942 2720 1071 2761 esse
1116 2697 1193 2761 ad
1238 2698 1417 2762 ambo
1461 2698 1652 2761 haec:
1717 2698 2196 2777 δεδοκιμασμένου
2241 2705 2303 2761 et
2347 2699 2407 2761 ἓν
2449 2696 2646 2779 ἡλικίᾳ

636 2816 808 2887 ὄντος.
878 2814 1029 2879 Plus
1072 2814 1385 2879 molestiae
1432 2822 1524 2879 est
1569 2817 1634 2878 in
1681 2815 1902 2879 dativis
1947 2826 2065 2885 τοῖς
2111 2820 2234 2880 νοῦν
2280 2815 2376 2879 καὶ
2409 2814 2644 2894 σμικρὸν

640 2934 999 3012 κεκτημένοις
1046 2935 1321 3012 μέλλουσι
1368 2933 1488 2999 κτέ.
1581 2932 1784 2999 Verba
1829 2935 1882 2997 si
1939 2934 2182 3019 proprie
2228 2932 2612 3017 accipiuntm·
2626 2980 2642 3006 ‚

638 3055 753 3118 hoc
822 3054 1200 3139 significant:
1269 3060 1586 3137 „spectata
1651 3054 1976 3138 prudentia
2045 3061 2104 3117 et
2163 3060 2404 3117 matura
2447 3059 2643 3116 aetate

641 3194 795 3257 opus
857 3178 949 3235 est
1006 3172 1080 3234 iis
1164 3172 1273 3255 qui
1329 3171 1426 3235 vel
1486 3172 1736 3257 paulum
1809 3195 1988 3237 sanae
2031 3174 2252 3237 mentis
2296 3172 2648 3259 possideant

642 3313 835 3374 quum
882 3289 959 3353 ad
1002 3296 1201 3354 tantas
1246 3312 1341 3353 res
1386 3290 1678 3374 gerendas
1724 3292 2016 3355 accessuri
2072 3291 2276 3355 sunt.''
2366 3291 2502 3355 Hoc
2541 3314 2646 3354 au-

640 3415 763 3471 tem
825 3408 963 3471 vide
1016 3430 1097 3509 ne
1149 3407 1427 3491 ineptum
1486 3407 1706 3472 habeat
1765 3431 2048 3473 sensum:
2096 3432 2238 3472 nam
2283 3409 2390 3493 qui
2435 3430 2642 3473 sanam

639 3534 897 3591 mentem
946 3526 1199 3603 habent,
1247 3525 1345 3589 his
1376 3501 1519 3591 sane
1551 3526 1752 3590 adsint
1782 3528 1890 3590 illa
1919 3527 2142 3611 quibus
2179 3526 2256 3590 ad
2285 3550 2412 3591 rem
2437 3550 2642 3611 geren-

639 3646 781 3710 dam
825 3668 980 3729 opus
1026 3651 1136 3708 est.
1204 3642 1373 3707 Num
1419 3644 1535 3708 hoc
1566 3644 1762 3709 voluit
1791 3646 2096 3731 scriptor:
2137 3646 2354 3731 „annis
2386 3653 2446 3709 et
2469 3668 2644 3731 expe-

640 3762 859 3826 rientia
917 3782 1071 3846 opus
1131 3768 1224 3824 est
1283 3761 1357 3824 iis
1418 3761 1526 3845 qui
1586 3785 1699 3825 non
1757 3764 2143 3845 imprudenter
2195 3764 2272 3827 ad
2317 3762 2642 3849 rempubli-

578 3946 583 3953 ,
642 3902 773 3944 cam
840 3879 1119 3942 accedere
1185 3877 1376 3942 velint
1390 3877 1459 3974 §W
1504 3854 1509 3862 ¹
1557 3879 1658 3943 Ita
1727 3902 1868 3944 vero
1936 3882 2230 3946 articulus
2290 3889 2408 3952 τοῖς
2463 3881 2642 3967 jungi

709 4176 758 4238 1)
793 4176 979 4224 Similes
1024 4176 1319 4241 pleonasmos
1364 4175 1523 4224 notavi
1558 4176 1609 4223 in
1641 4177 1730 4240 Ep.
1766 4176 1876 4235 Vll,
1911 4178 1983 4226 uti
2016 4193 2064 4241 p.
2101 4178 2194 4227 325
2230 4178 2287 4227 Β.
2321 4184 2384 4231 τὰ
2417 4186 2536 4231 κοινὰ
2567 4184 2644 4232 καὶ

643 4274 864 4323 πολιτικά.
898 4269 1006 4319 vid.
1040 4284 1183 4333 supra
1215 4287 1259 4335 p.
1295 4270 1375 4319 46.
