3092 5084
1615 460 1738 523 174

664 665 743 730 de
785 665 975 750 Legg.
1008 640 1161 743 ιΠΙ,
1208 687 1269 750 p.
1320 667 1449 728 694
1497 687 1588 749 sq.
1645 667 1772 728 698
1806 667 1882 730 A.
1945 664 2083 730 Eris
2129 667 2402 731 Armenii
2443 666 2670 730 mentio

666 785 735 848 fit
765 783 841 848 de
872 783 1021 868 Rep.
1069 781 1161 861 X,
1210 805 1271 867 p.
1320 784 1449 845 614
1494 781 1569 846 B.
1633 781 1726 846 De
1758 782 2076 868 Aegyptiis
2109 790 2311 848 autem
2343 805 2676 867 eorumque

666 901 991 986 disciplina
1050 909 1109 965 et
1168 901 1469 965 institutis
1528 900 1708 987 plura
1765 901 2056 986 leguntur
2110 909 2242 966 tum
2287 903 2352 965 in
2396 901 2676 966 Phaedro

668 1028 729 1086 et
773 1021 839 1084 in
885 1043 1064 1105 opere
1110 1018 1187 1084 (16
1232 1019 1503 1104 Legibus
1524 1021 1571 1104 l)
1618 1028 1752 1083 tum
1797 1020 2120 1105 praecipue
2158 1021 2222 1084 in
2252 1020 2517 1085 Timaeo.
2549 993 2679 1084 ‘Re-

665 1139 782 1202 fert
826 1139 914 1203 ibi
960 1161 1297 1204 sermonem
1335 1137 1664 1202 sacerdotis
1690 1138 2013 1224 Aegyptii,
2040 1161 2220 1222 quem
2245 1139 2345 1202 bic
2369 1138 2512 1202 olim
2537 1161 2676 1202 cum

666 1255 887 1322 Solone
933 1257 1277 1335 habuisset,
1319 1279 1441 1341 quo
1472 1257 1728 1322 docetur
1759 1264 2020 1322 veterem
2045 1259 2466 1342 cognationem
2489 1258 2676 1322 fuisse

661 1377 821 1441 inter
880 1377 1219 1462 Aegyptios
1281 1383 1345 1440 et
1402 1377 1808 1440 Athenienses
1856 1383 2040 1460 atque
2085 1380 2283 1462 prisca
2327 1378 2675 1442 Atticorum

660 1497 945 1560 instituta
962 1545 981 1574 ,
1058 1496 1355 1580 imprimis
1418 1495 1706 1560 ordinum
1767 1496 2122 1561 divisionem
2139 1545 2158 1574 ,
2223 1497 2431 1560 eadem
2491 1496 2678 1560 fuisse

664 1637 830 1699 quae.
865 1616 931 1678 in
958 1616 1240 1699 Aegypto
1262 1621 1399 1678 tum
1428 1614 1632 1678 adhuc
1657 1624 2071 1678 remanerent:
2099 1603 2386 1678 cuiusrei
2409 1615 2678 1678 testimo-

660 1733 765 1797 nia
822 1733 997 1796 affert
1054 1739 1259 1796 vetera
1299 1755 1568 1796 momum
1577 1740 1718 1797 enta
1766 1743 1825 1796 et
1871 1732 2057 1797 libros
2105 1755 2304 1796 sacros
2353 1734 2678 1818 Aegyptio-

614 1837 617 1840 *
660 1874 817 1915 rum.
896 1850 1214 1929 Timaeus,
1264 1875 1323 1937 p.
1374 1855 1455 1915 23
1505 1852 1592 1916 E:
1639 1861 1744 1926 τῆς
1784 1853 1834 1916 δ’
1858 1853 2038 1916 ἐνθαδὶ
2075 1853 2500 1930 διακοσμήσεως
2533 1855 2674 1932 παρ’

661 1973 797 2047 ἡμῖν
857 1971 915 2034 ἐν
972 1977 1091 2041 τοῖς
1154 1971 1315 2050 ἱεροῖς
1369 1972 1720 2049 γράμμασιν
1764 1973 2212 2050 ὀκτακισχιλίων
2257 1973 2395 2036 ἐτῶν
2443 1971 2677 2050 ἀριθμὸς

662 2089 1026 2170 γέγραπται.
1092 2087 1185 2152 Of.
1242 2087 1463 2152 Critias
1484 2138 1501 2166 ,
1544 2113 1604 2173 p.
1663 2092 1785 2152 119
1831 2089 1903 2152 Ε.
1952 2088 2118 2153 Num
2151 2089 2499 2153 mirandum
2534 2087 2679 2152 inde

662 2207 943 2270 effectum
976 2229 1122 2284 esse,
1154 2229 1309 2290 quae
1340 2206 1517 2270 Plato
1543 2207 1849 2270 hominem
1878 2207 2254 2296 Aegyptium·
2274 2207 2420 2270 facit
2435 2229 2680 2270 narran-

658 2334 817 2403 tem,
860 2348 929 2390 ea
966 2327 1171 2409 ipsum
1216 2327 1278 2388 in
1314 2327 1596 2410 Aegypto
1645 2327 1988 2410 accepisse?
2035 2325 2204 2406 Quid
2230 2325 2398 2410 quod
2430 2326 2682 2388 fuerunt

660 2444 767 2527 qui
813 2443 1087 2508 dicerent
1129 2442 1449 2506 Platonem
1498 2444 1797 2528 perfectae
1839 2466 1982 2506 suae
2015 2444 2278 2507 civitatis
2311 2442 2571 2526 effigiem
2603 2441 2678 2505 ab

660 2561 978 2646 Aegyptiis
1040 2561 1306 2625 duxisse.
1398 2561 1794 2625 Memorabile
1858 2561 1972 2625 hac
2033 2561 2106 2624 (16
2151 2583 2215 2625 re
2273 2568 2365 2623 est
2410 2560 2682 2622 testimo-

659 2681 833 2744 nium
902 2679 1211 2744 Crantoris
1234 2730 1253 2757 ,
1318 2681 1424 2762 qui
1486 2680 1608 2742 fuit
1667 2679 2026 2744 Xenocratis
2083 2679 2359 2756 auditor,
2411 2678 2679 2762 aequalis

660 2797 1021 2884 Speusippi,
1071 2807 1377 2864 servatum
1424 2821 1459 2860 a
1502 2798 1718 2863 Proclo
1781 2798 1857 2862 ad
1914 2798 2232 2862 Timaeum
2277 2820 2338 2883 p.
2381 2801 2465 2860 24
2489 2848 2506 2877 ,
2556 2819 2678 2880 quo

658 2917 793 2984 loco
826 2916 901 2979 (16
930 2917 1134 2980 insula
1166 2916 1480 2998 Atlantide
1513 2939 1708 2982 sermo
1742 2923 1852 2982 est.
1918 2916 2120 2981 Verba
2153 2917 2282 2980 eius
2313 2916 2470 2979 haec.
2497 2921 2676 2979 sunt:
2725 2901 2734 2906 ⁸

658 3035 775 3099 Τὸν
842 3035 967 3114 περὶ
1026 3040 1137 3099 τῶν
1182 3037 1571 3100 Ἀτλαντίνων
1616 3035 1942 3112 ξύμπαντα
1999 3041 2199 3100 τοῦτον·
2239 3035 2414 3110 λόγον
2474 3036 2524 3100 οἱ
2569 3034 2676 3109 μὲν

660 3155 909 3232 ἱστορίαν
953 3154 1131 3232 ψιλὴν
1176 3149 1322 3216 εἶναί
1364 3158 1548 3233 φασιν
1565 3204 1582 3228 ,
1631 3151 1816 3234 ὥσπερ
1861 3154 1887 3216 ὃ
1935 3159 2149 3233 πρῶτος
2195 3152 2507 3223 Πλάτωνος
2547 3150 2674 3226 ἐξη-

660 3271 845 3347 γητὴς
891 3271 1154 3352 Κράντωρ
1181 3291 1195 3306 ·
1245 3267 1304 3342 ὃς
1348 3270 1414 3344 δὴ
1452 3271 1552 3334 καὶ
1589 3273 1955 3336 σκώπτεσθαι
1993 3271 2100 3348 μέν
2121 3279 2298 3353 φησιν
2322 3268 2674 3352 αὐτὸν.(3611.

658 3389 757 3454 τὸν
803 3387 1119 3472 Πλάτωνα)
1168 3388 1276 3451 ὑπὸ
1320 3393 1431 3453 τῶν
1474 3388 1644 3466 τότε,
1693 3391 1765 3461 ὦς
1809 3392 1910 3454 οὐκ
1955 3391 2126 3453 αὑτὸν
2172 3387 2311 3452 ὄντα
2333 3395 2440 3460 τῆς
2471 3404 2678 3451 πολι-

660 3506 871 3578 τείας
920 3507 1143 3587 εὑρέτην
1166 3555 1185 3584 ,
1234 3507 1402 3571 ἄλλα
1453 3505 1950 3586 μεταγραφαντα
1995 3507 2076 3570 τα
2099 3505 2440 3582 Αἰγυπτίων
2459 3557 2478 3581 ,
2501 3505 2598 3572 τὸν
2621 3506 2679 3570 δὲ

659 3630 924 3688 τοσοῦτον
969 3624 1307 3699 ποιήσασθαι
1353 3603 1461 3687 τῶν
1478 3655 1483 3662 ·
1500 3624 1880 3689 σκωπτόντων
1918 3623 2116 3702 λόγον,
2147 3622 2294 3688 ὥστε
2317 3625 2412 3687 ἐπ’
2439 3624 2676 3710 Αἰγυπ-

660 3742 811 3814 τίους
856 3741 1217 3823 ἀναπέμψαι
1264 3744 1367 3816 τὴν
1409 3743 1535 3824 περὶ
1583 3743 1972 3808 Ἀτλαντίνων
2019 3743 2239 3815 ταύτην
2283 3741 2556 3822 ἱστορίαν,
2601 3744 2674 3813 ὥς

661 3867 771 3925 τῶν
838 3859 1145 3935 Ἀθηναίων
1203 3860 1365 3924 κατα
1422 3860 1642 3936 ταύτην
1687 3859 1978 3942 ζησάντων
2023 3863 2163 3925 ποτὲ
2207 3863 2308 3936 τὴν
2353 3841 2672 3926 πολιτείαν.

660 3983 1003 4058 μαρτυροῦσι
1064 3978 1123 4041 δὲ
1182 3979 1279 4042 καὶ
1342 3981 1391 4077 οἱ
1438 3987 1771 4060 προφῆται,
1819 3979 1999 4062 φησὶ,
2047 3985 2157 4044 τῶν
2202 3979 2539 4056 Αἰγυπτίων
2550 4029 2568 4060 ,
2617 3981 2674 4042 ἐν

727 4252 771 4311 1)
805 4252 920 4299 Loci
954 4251 1227 4302 indicantur
1260 4252 1317 4300 ab
1352 4251 1629 4300 Hermanno
1664 4267 1710 4315 p.
1751 4250 1860 4299 113.
