3092 5084
1414 462 1539 524 205

460 669 690 754 inquit,
738 691 775 732 ο
822 667 1124 745 Phaedre,
1174 669 1315 732 talis
1363 675 1455 732 est
1500 669 1711 752 quales
1757 691 1870 733 nos
1927 693 2056 735 esse
2120 693 2231 756 ego
2291 678 2354 734 et
2403 679 2474 736 tu

456 788 805 852 volumus?
896 787 961 851 Si
1006 789 1173 852 hunc
1216 788 1419 852 locum
1466 809 1606 852 cum
1651 787 1728 851 fis
1775 810 1932 872 quae
1979 811 2166 874 supra
2212 811 2286 854 ex
2331 787 2477 874 Epi-

462 908 621 972 stola
664 906 793 970 VH
839 906 1131 992 descripsi
1177 906 1590 984 conferamus,
1639 907 1956 992 apparebit
2017 929 2088 970 ea
2131 907 2222 972 ita
2265 909 2473 972 conci-

467 1048 609 1090 nere
654 1033 726 1088 ut
770 1025 977 1088 statim
1022 1025 1390 1088 imitatorem
1438 1046 1748 1108 agnoscas·

558 1144 623 1207 Si
652 1145 847 1220 verba¹
866 1144 1173 1222 attendas,
1211 1143 1377 1228 quod
1410 1151 1616 1210 noster
1645 1143 1730 1208 ibi
1761 1145 1842 1229 (p.
1869 1146 1996 1208 343
2023 1145 2102 1229 A)
2133 1144 2475 1224 γράμματα

468 1271 645 1328 vocat
686 1264 1139 1342 ἀμετακίνητον,
1178 1262 1243 1326 id
1276 1261 1529 1327 obscure
1569 1261 1802 1327 dictum
1836 1262 2174 1348 explicatur
2205 1285 2276 1326 eo
2309 1263 2475 1346 quod

469 1383 646 1446 Plato
679 1382 861 1460 dicit,
892 1381 1102 1458 λόγους
1134 1382 1387 1465 scriptos
1435 1380 1662 1444 similes
1695 1401 1824 1444 esse
1854 1379 2221 1464 imaginibus
2260 1382 2472 1466 pictis,

466 1522 621 1584 quae
654 1507 819 1565 stant
848 1500 1135 1565 immotae
1168 1506 1229 1563 et
1260 1499 1579 1583 quaerenti
1607 1498 1970 1585 respondere
2000 1508 2334 1584 nequeunt,
2369 1500 2476 1566 sed

466 1641 700 1704 semper
744 1641 940 1686 unu-m
984 1618 1266 1702 idemque
1313 1617 1693 1702 significant:
1748 1615 1808 1682 ἕν
1846 1641 1901 1682 τι
1947 1619 2214 1696 σημαίνει
2260 1620 2474 1684 ταύτὸν

465 1740 561 1804 ozei
572 1789 587 1804 .
616 1737 895 1822 (Phaedr.
922 1761 985 1824 p.
1014 1739 1138 1803 275
1176 1737 1455 1803 D--276
1475 1735 1586 1821 B).
1630 1735 1871 1801 Coloris
1897 1745 2103 1838 autem
2135 1737 2474 1824 similitudo

466 1857 673 1921 statim
736 1857 1116 1942 agnoscitur,
1167 1857 1218 1918 si
1265 1877 1404 1919 cum
1451 1853 1764 1940 Epistulae
1807 1856 2041 1935 vel-bie,
2097 1878 2157 1940 p.
2208 1859 2337 1920 344
2385 1856 2474 1936 C,

467 1999 773 2062 compares
820 1975 968 2040 haec
1012 1975 1311 2052 Phaedri,
1360 1998 1421 2061 p.
1470 1977 1596 2041 277
1646 1973 1734 2037 D:
1802 1979 1874 2046 ὡς
1921 1975 2039 2040 εἴτε
2085 1977 2323 2048 ΛυσίαςΙ
2359 1976 2474 2042 εἴτε

466 2119 552 2167 τις
614 2093 796 2168 ἄλλος
856 2095 1077 2160 πώποτ’
1122 2062 1479 2174 ἔγραψέῆ
1524 2094 1824 2178 γράψει,
1873 2094 2012 2176 ἰδίᾳ
2056 2094 2090 2170 ἦ
2139 2093 2468 2178 δημοσίᾳ,

440 2214 667 2292 ’νόμους
718 2215 887 2285 τιθεὶς
905 2263 923 2298 ,
969 2213 1351 2292 ξύγγραμμα
1397 2213 1684 2278 πολιτικὸν
1729 2213 2008 2295 γράφων,
2055 2213 2153 2278 καὶ
2198 2213 2474 2291 μεγάλην

466 2337 569 2399 τιν’
607 2335 664 2397 ἐν
725 2335 885 2414 αὐτῷ
941 2333 1313 2410 βεβαιότητα
1364 2334 1463 2396 καὶ
1522 2333 1846 2414 σαφηνείαν
1909 2332 2222 2410 ἡγούμενος
2237 2382 2256 2417 ,
2327 2331 2470 2400 οὕτω

466 2452 571 2530 μὲν
624 2451 821 2523 ὄνειδος
863 2453 943 2533 τῷ
988 2451 1308 2534 γράφοντι,
1358 2449 1475 2516 εἴτε
1518 2451 1608 2522 τίς
1655 2459 1834 2550 φηοζιν
1879 2451 1996 2517 εἴτε
2041 2453 2147 2530 μή.
2236 2451 2318 2516 Et
2362 2452 2476 2516 ibi-

467 2570 604 2635 dem
642 2569 727 2634 E:
768 2571 795 2636 ὅ
834 2569 895 2636 δέ
927 2573 991 2648 γ’
1030 2571 1344 2648 ἡγούμενος
1371 2621 1385 2635 .
1416 2621 1431 2636 .
1460 2621 1473 2635 .
1528 2569 1726 2634 οὐδένα
1771 2571 2008 2636 πώποτε
2049 2571 2224 2649 λόγον
2263 2574 2321 2636 ἐν
2365 2573 2472 2648 με’-

468 2713 577 2769 τρῳ
630 2689 741 2754 οὐδ’
798 2686 936 2753 ἄνευ
995 2689 1201 2766 μέτρου
1264 2687 1596 2764 μεγάλης
1641 2686 1837 2764 ἄξιον
1889 2689 2193 2764 σπουδῆς
2239 2695 2476 2771 γραφῆ-

469 2833 561 2874 ναι
614 2809 737 2873 οὐδὲ
788 2809 1105 2888 λεχθῆναι,
1132 2860 1143 2871 .
1175 2855 1190 2871 .
1220 2860 1231 2874 .
1287 2807 1453 2873 ἀλλὰ
1498 2811 1580 2888 τῷ
1617 2805 1729 2872 ὄντι
1761 2811 1952 2872 αὐτῶν
1972 2807 2104 2880 τοὺς
2125 2807 2472 2886 βελτίστους

467 2925 685 2991 εἰδότων
734 2926 1123 3002 ὑπόμνησιν
1160 2925 1497 3009 γεγονέναι,
1548 2928 1606 2990 ἐν
1650 2925 1709 2989 δὲ
1751 2933 1870 2996 τοῖς
1913 2924 2326 3003 διδασκομένοις
2370 2926 2470 2991 καὶ

467 3047 765 3124 μαθήσεως
836 3045 1011 3125 χάριν
1078 3045 1405 3124 λεγομένοις
1482 3044 1582 3110 καὶ
1644 3035 1722 3126 τῷ
1799 3043 1911 3110 ἕντι
1972 3043 2360 3128 γραφομένοις
2413 3049 2470 3110 ἐν

465 3171 638 3247 ψυχῇ
706 3165 829 3245 περὶ
901 3165 1125 3229 δικαίων
1184 3165 1408 3229 τεκαὶ
1470 3170 1662 3228 καλῶν
1722 3165 1994 3241 κάγαθῶν
2053 3165 2240 3238 μόνοις
2299 3164 2366 3228 τὸ
2410 3167 2466 3228 τ’

466 3283 700 3362 ἐναργὲς
746 3279 887 3347 εἶναι
955 3285 1051 3348 καὶ
1116 3282 1309 3348 τέλεον
1367 3283 1467 3347 καὶ
1528 3281 1724 3359 άξιον
1783 3283 2250 3359 σπουδῆς,...
2307 3278 2469 3354 οὗτος

466 3404 493 3467 ὅ
559 3409 803 3474 τοιοῦτος
886 3403 1023 3482 άνηρ
1104 3403 1434 3488 κινδυνεύει,
1504 3399 1544 3468 ὦ
1615 3403 1828 3482 Φαῖδρε
1845 3455 1863 3478 ,
1948 3399 2090 3467 εἶναι
2171 3398 2276 3467 οἷον
2331 3403 2466 3478 ἐγώ

466 3494 533 3587 τε
591 3522 689 3586 καὶ
752 3521 833 3590 σὺ
885 3520 1175 3600 εὐξαήαεθ
1234 3521 1307 3588 ἂν
1366 3525 1433 3588 σέ
1485 3547 1554 3587 τε
1599 3524 1756 3599 κάμὲ
1801 3523 2086 3601 γενέσθαι.
2180 3519 2470 3584 Animad-

465 3647 735 3703 vertatur
777 3641 908 3724 ipsa
951 3639 1272 3705 verborum
1312 3639 1669 3734 similitudo,
1699 3639 1922 3704 Plato:
1963 3640 2080 3704 εἴτε
2107 3690 2120 3704 .
2149 3690 2162 3702 .
2209 3639 2468 3720 ἔγραψεν

467 3759 499 3832 ἢ
538 3759 790 3838 γράψει;
837 3757 1115 3842 Epistola
1144 3760 1227 3844 (p.
1260 3761 1387 3822 341
1420 3758 1525 3843 B):
1572 3759 1796 3824 τοσόνδε
1827 3781 1902 3835 γε
1933 3759 2046 3835 μην
2077 3758 2203 3838 περὶ
2234 3758 2466 3823 πάντων

465 3876 585 3955 ἔχω
647 3875 881 3958 φράζειν
932 3882 1043 3942 τῶν
1086 3877 1479 3960 γεγραφότων
1522 3877 1622 3942 καὶ
1668 3875 2026 3957 γραψόντων.
2097 3853 2308 3939 Plato:
2355 3876 2468 3956 ἰδίᾳ

468 3995 501 4070 ἢ
534 3995 779 4078 δημοσία
808 3995 1005 4072 νόμους
1035 3997 1205 4068 τιθείς
1212 4021 1231 4072 ;
1278 3994 1555 4079 Epistola
1577 3997 1659 4079 (p.
1694 3997 1822 4059 344
1854 3993 1960 4079 C):
2008 3993 2467 4074 ξυγγράμματα

466 4114 863 4194 γεγραμμένα
920 4111 1025 4178 εἴτ’
1084 4116 1141 4178 ἐν
1200 4113 1386 4188 νόμοις
1446 4114 1736 4188 νομοθέτου
1795 4114 1899 4180 εἴτ’
1959 4117 2016 4178 ἐν
2077 4112 2278 4185 ἄλλοις
2321 4113 2466 4178 τισὶν

468 4229 601 4296 ἅττ’
647 4227 754 4299 οὖν.
849 4230 1129 4316 Denique
1175 4233 1379 4296 confer
1423 4231 1698 4296 Platonis
1752 4233 1937 4311 illud,
1993 4233 2186 4298 οὐδένα
2231 4233 2464 4298 πώποτε
