3092 5084
1094 1315 1231 1410 G‘A
1256 1316 1315 1408 P
1338 1316 1404 1408 U
1429 1316 1481 1408 Τ
1557 1315 1754 1409 VIII.

682 1659 762 1702 DE
805 1659 1103 1702 PLATONIS
1147 1657 1459 1702 DOCTRINA
1506 1657 1582 1700 m·
1628 1657 1906 1700 PLACITIS
1951 1657 2122 1714 QUAE
2166 1657 2232 1700 IN

1070 1777 1379 1821 EPIs'roms
1423 1774 1854 1822 EXPONUNTUB..

1242 2092 1664 2135 —W

1374 2384 1513 2467 §L

1033 2619 1321 2683 Docto-iam
1365 2620 1492 2698 περὶ
1540 2621 1886 2696 ἐπιστήμης.

538 2855 870 2940 Postquam
901 2855 1344 2940 exploravimus
1357 2906 1375 2935 ,
1402 2879 1558 2940 quae
1580 2856 1660 2919 sit
1681 2855 2097 2941 Epistolarum
2121 2856 2269 2920 fides
2286 2864 2346 2919 et
2363 2856 2452 2920 di-

448 2976 699 3060 ligentia
756 2977 821 3040 in
882 2976 1062 3041 rebus
1114 2975 1417 3041 historicis
1433 3026 1452 3053 ‚
1511 2997 1676 3040 nunc
1723 2975 1800 3040 ad
1845 2975 2268 3060 philosophiae
2314 2975 2451 3039 doc-

446 3094 667 3158 trinam
714 3093 1025 3158 attendere
1062 3096 1238 3188 juyat
1296 3102 1358 3158 et
1402 3115 1720 3178 quaerere,
1769 3100 2072 3178 quatenus
2115 3094 2263 3158 haec
2315 3093 2450 3157 Pla-

446 3213 683 3277 tonicae
754 3213 1173 3298 philosophiae
1231 3211 1615 3298 respondeat.
1707 3212 1930 3277 Plenae
1992 3211 2239 3296 quidem
2303 3219 2450 3276 sunt

446 3332 759 3418 Epistulae
772 3382 789 3409 ,
854 3293 1179 3418 praecipue
1234 3331 1413 3411 V112,
1473 3331 1788 3396 sententiis
1836 3339 1896 3396 et
1939 3330 2181 3416 placitis
2228 3355 2260 3395 e
2313 3331 2447 3396 Pla-

444 3459 588 3515 tone
647 3451 941 3536 expressis
956 3501 975 3528 ‚
1022 3458 1095 3515 ut
1140 3473 1325 3536 supra
1366 3452 1592 3536 passim
1637 3451 1878 3529 notavi;
1927 3450 2023 3514 his
2068 3457 2272 3515 tamen
2318 3473 2443 3514 non

444 3569 791 3634 continetur
848 3569 1267 3654 philosophiae
1327 3569 1621 3634 doctrina.
1706 3568 1848 3650 Quo
1904 3569 2124 3634 melius
2193 3569 2268 3632 de
2331 3569 2447 3633 hoc

438 3687 711 3775 judicare
754 3689 965 3766 liceat,
1013 3688 1315 3754 illustrem
1361 3689 1513 3774 elegi
1559 3688 1793 3765 locum,
1841 3687 1950 3772 qui
1982 3694 2178 3751 exstat
2206 3687 2270 3751 in
2305 3686 2447 3772 Epi-

444 3807 601 3872 stola
661 3805 822 3884 VII,
869 3830 928 3891 p.
978 3809 1103 3870 342
1145 3830 1312 3892 sqq.,
1360 3807 1426 3872 in
1464 3829 1586 3891 quo
1622 3806 1940 3871 disseritur
1976 3805 2054 3869 de
2090 3806 2442 3888 cognitione,

444 3947 626 4009 quam
688 3923 1164 4009 disputationem
1223 3932 1499 3990 excutere
1558 3935 1618 3989 et
1677 3946 1816 3988 cum
1876 3923 2150 3988 Platonis
2208 3923 2282 3988 de
2332 3924 2447 3988 hoc

442 4050 799 4127 argumento
847 4043 1122 4108 doctrina
1168 4065 1511 4129 comparare
1541 4043 1732 4108 lubet.
1780 4041 2021 4107 Locum
2053 4043 2199 4107 satis
2231 4043 2445 4107 obscu-

443 4185 579 4228 rum
631 4162 816 4248 paulo
862 4141 1238 4229 emendatius
1285 4170 1347 4227 et
1390 4161 1738 4227 distinctius
1784 4184 1969 4246 quam
2013 4162 2196 4246 vulgo
2243 4162 2447 4226 editur

444 4279 777 4346 describam
823 4289 883 4346 et
927 4281 1115 4346 latine
1158 4281 1618 4366 interpretabor.
