<?xml version="1.0" encoding="UTF-8"?>
<!DOCTYPE html PUBLIC "-//W3C//DTD XHTML 1.0 Transitional//EN"
    "http://www.w3.org/TR/xhtml1/DTD/xhtml1-transitional.dtd">
<html xmlns="http://www.w3.org/1999/xhtml" xml:lang="en" lang="en">
 <head>
  <title>
</title>
<meta http-equiv="Content-Type" content="text/html;charset=utf-8" />
  <meta name='ocr-system' content='tesseract 3.04.00' />
  <meta name='ocr-capabilities' content='ocr_page ocr_carea ocr_par ocr_line ocrx_word'/>
</head>
<body>
  <div class='ocr_page' id='page_1' title='image "./commentatiocrit01karsgoog_0121.png"; bbox 0 0 3092 5084; ppageno 0'>
   <div class='ocr_carea' id='block_1_1' title="bbox 1375 489 1457 551">
    <p class='ocr_par' dir='ltr' id='par_1_1' title="bbox 1375 489 1457 551">
     <span class='ocr_line' id='line_1_1' title="bbox 1375 489 1457 551; baseline 0.012 -1"><span class='ocrx_word' id='word_1_1' title='bbox 1375 489 1457 551; x_wconf 86' lang='grc'><em>93</em></span> 
     </span>
    </p>
   </div>
   <div class='ocr_carea' id='block_1_2' title="bbox 346 691 2416 4331">
    <p class='ocr_par' dir='ltr' id='par_1_2' title="bbox 399 691 2416 1729">
     <span class='ocr_line' id='line_1_2' title="bbox 405 691 2416 781; baseline 0.003 -22"><span class='ocrx_word' id='word_1_2' title='bbox 405 700 499 759; x_wconf 84' lang='grc' dir='ltr'><em>νῦν</em></span> <span class='ocrx_word' id='word_1_3' title='bbox 542 694 609 770; x_wconf 68' lang='grc' dir='ltr'><em>δὴ</em></span> <span class='ocrx_word' id='word_1_4' title='bbox 653 695 937 775; x_wconf 73' lang='grc' dir='ltr'><em>γενομένῳ</em></span> <span class='ocrx_word' id='word_1_5' title='bbox 948 744 970 773; x_wconf 82' lang='grc'>,</span> <span class='ocrx_word' id='word_1_6' title='bbox 1020 693 1146 775; x_wconf 75' lang='grc' dir='ltr'><em>περὶ</em></span> <span class='ocrx_word' id='word_1_7' title='bbox 1194 691 1261 760; x_wconf 80' lang='grc' dir='ltr'><em>οὗ</em></span> <span class='ocrx_word' id='word_1_8' title='bbox 1302 718 1399 773; x_wconf 88' lang='grc' dir='ltr'><em>μοι</em></span> <span class='ocrx_word' id='word_1_9' title='bbox 1444 696 1511 760; x_wconf 83' lang='grc' dir='ltr'><em>τὸ</em></span> <span class='ocrx_word' id='word_1_10' title='bbox 1558 695 1807 779; x_wconf 88' lang='grc' dir='ltr'><em>δεύτερον</em></span> <span class='ocrx_word' id='word_1_11' title='bbox 1843 698 2239 777; x_wconf 68' lang='grc' dir='ltr'><em>ἀπολογητέον</em></span> <span class='ocrx_word' id='word_1_12' title='bbox 2268 699 2416 781; x_wconf 83' lang='grc' dir='ltr'><em>ἔφην</em></span> 
     </span>
     <span class='ocr_line' id='line_1_3' title="bbox 403 810 2412 899; baseline 0.002 -22"><span class='ocrx_word' id='word_1_13' title='bbox 403 810 564 878; x_wconf 78' lang='grc' dir='ltr'><em>εἶναι.</em></span> <span class='ocrx_word' id='word_1_14' title='bbox 611 812 826 893; x_wconf 76' lang='lat' dir='ltr'>‘Quae</span> <span class='ocrx_word' id='word_1_15' title='bbox 892 812 1076 878; x_wconf 87' lang='lat' dir='ltr'>verba</span> <span class='ocrx_word' id='word_1_16' title='bbox 1121 813 1237 877; x_wconf 88' lang='lat' dir='ltr'><em>hoc</em></span> <span class='ocrx_word' id='word_1_17' title='bbox 1283 814 1670 899; x_wconf 85' lang='lat' dir='ltr'>significant:</span> <span class='ocrx_word' id='word_1_18' title='bbox 1733 816 1953 895; x_wconf 86' lang='lat' dir='ltr'>„venio</span> <span class='ocrx_word' id='word_1_19' title='bbox 2015 816 2092 882; x_wconf 87' lang='lat' dir='ltr'><em>ad</em></span> <span class='ocrx_word' id='word_1_20' title='bbox 2155 817 2412 883; x_wconf 89' lang='lat' dir='ltr'>alterum</span> 
     </span>
     <span class='ocr_line' id='line_1_4' title="bbox 405 931 2414 1021; baseline 0.003 -27"><span class='ocrx_word' id='word_1_21' title='bbox 405 938 829 1016; x_wconf 80' lang='lat' dir='ltr'><strong>argumentum</strong></span> <span class='ocrx_word' id='word_1_22' title='bbox 891 932 1077 1017; x_wconf 85' lang='lat' dir='ltr'>priori</span> <span class='ocrx_word' id='word_1_23' title='bbox 1139 931 1375 997; x_wconf 89' lang='lat' dir='ltr'>affine.&#39;&#39;</span> <span class='ocrx_word' id='word_1_24' title='bbox 1466 932 1738 1019; x_wconf 85' lang='lat' dir='ltr'>Scriptor</span> <span class='ocrx_word' id='word_1_25' title='bbox 1789 935 1936 999; x_wconf 91' lang='lat' dir='ltr'><em>dum</em></span> <span class='ocrx_word' id='word_1_26' title='bbox 1983 944 2238 1021; x_wconf 86' lang='lat' dir='ltr'>argutus</span> <span class='ocrx_word' id='word_1_27' title='bbox 2285 960 2414 1001; x_wconf 87' lang='lat' dir='ltr'>esse</span> 
     </span>
     <span class='ocr_line' id='line_1_5' title="bbox 404 1050 2414 1135; baseline 0.003 -22"><span class='ocrx_word' id='word_1_28' title='bbox 404 1050 639 1130; x_wconf 81' lang='lat' dir='ltr'>studet,</span> <span class='ocrx_word' id='word_1_29' title='bbox 704 1051 773 1114; x_wconf 90' lang='lat' dir='ltr'><em>fit</em></span> <span class='ocrx_word' id='word_1_30' title='bbox 831 1050 1190 1129; x_wconf 78' lang='lat' dir='ltr'>obscurus‚&#39;</span> <span class='ocrx_word' id='word_1_31' title='bbox 1224 1074 1381 1135; x_wconf 89' lang='lat' dir='ltr'>quae</span> <span class='ocrx_word' id='word_1_32' title='bbox 1441 1059 1647 1117; x_wconf 92' lang='lat' dir='ltr'>tamen</span> <span class='ocrx_word' id='word_1_33' title='bbox 1702 1052 2039 1118; x_wconf 80' lang='lat' dir='ltr'><strong>obscuritas</strong></span> <span class='ocrx_word' id='word_1_34' title='bbox 2085 1055 2288 1119; x_wconf 86' lang='lat' dir='ltr'>nescio</span> <span class='ocrx_word' id='word_1_35' title='bbox 2335 1078 2414 1122; x_wconf 90' lang='lat' dir='ltr'><em>an</em></span> 
     </span>
     <span class='ocr_line' id='line_1_6' title="bbox 404 1169 2413 1261; baseline 0.003 -28"><span class='ocrx_word' id='word_1_36' title='bbox 404 1177 583 1234; x_wconf 84' lang='lat' dir='ltr'>aneta</span> <span class='ocrx_word' id='word_1_37' title='bbox 644 1171 725 1234; x_wconf 87' lang='lat' dir='ltr'>sit</span> <span class='ocrx_word' id='word_1_38' title='bbox 784 1169 965 1255; x_wconf 86' lang='lat' dir='ltr'>culpa</span> <span class='ocrx_word' id='word_1_39' title='bbox 1023 1169 1290 1249; x_wconf 90' lang='lat' dir='ltr'>librarii,</span> <span class='ocrx_word' id='word_1_40' title='bbox 1354 1192 1543 1255; x_wconf 91' lang='lat' dir='ltr'>quum</span> <span class='ocrx_word' id='word_1_41' title='bbox 1603 1179 1910 1237; x_wconf 78' lang='lat' dir='ltr'>auctorem</span> <span class='ocrx_word' id='word_1_42' title='bbox 1969 1174 2056 1239; x_wconf 90' lang='lat' dir='ltr'><em>ita</em></span> <span class='ocrx_word' id='word_1_43' title='bbox 2102 1175 2413 1261; x_wconf 81' lang='lat' dir='ltr'>scripsisse</span> 
     </span>
     <span class='ocr_line' id='line_1_7' title="bbox 402 1288 2412 1375; baseline 0.003 -24"><span class='ocrx_word' id='word_1_44' title='bbox 402 1288 701 1373; x_wconf 86' lang='lat' dir='ltr'>suspicer:</span> <span class='ocrx_word' id='word_1_45' title='bbox 749 1289 958 1369; x_wconf 82' lang='grc' dir='ltr'><em>σχεδὸν</em></span> <span class='ocrx_word' id='word_1_46' title='bbox 1003 1288 1052 1353; x_wconf 78' lang='grc' dir='ltr'><em>δ’</em></span> <span class='ocrx_word' id='word_1_47' title='bbox 1098 1290 1176 1361; x_wconf 76' lang='grc' dir='ltr'><em>εἷς</em></span> <span class='ocrx_word' id='word_1_48' title='bbox 1229 1289 1403 1367; x_wconf 91' lang='grc' dir='ltr'><em>λόγον</em></span> <span class='ocrx_word' id='word_1_49' title='bbox 1440 1292 1468 1356; x_wconf 81' lang='grc' dir='ltr'>ὅ</span> <span class='ocrx_word' id='word_1_50' title='bbox 1512 1292 1687 1369; x_wconf 87' lang='grc' dir='ltr'><em>λόγος</em></span> <span class='ocrx_word' id='word_1_51' title='bbox 1734 1291 1851 1368; x_wconf 76' lang='grc' dir='ltr'><em>ἥκει</em></span> <span class='ocrx_word' id='word_1_52' title='bbox 1895 1317 1992 1370; x_wconf 89' lang='grc' dir='ltr'><em>μοι</em></span> <span class='ocrx_word' id='word_1_53' title='bbox 2035 1292 2302 1374; x_wconf 76' lang='grc' dir='ltr'><em>ξυνεχῆ</em></span> <span class='ocrx_word' id='word_1_54' title='bbox 2331 1296 2412 1375; x_wconf 79' lang='grc' dir='ltr'><em>τῷ</em></span> 
     </span>
     <span class='ocr_line' id='line_1_8' title="bbox 399 1404 2414 1497; baseline 0.002 -26"><span class='ocrx_word' id='word_1_55' title='bbox 399 1412 496 1471; x_wconf 81' lang='grc' dir='ltr'><em>νῦν</em></span> <span class='ocrx_word' id='word_1_56' title='bbox 554 1406 621 1482; x_wconf 73' lang='grc' dir='ltr'><em>δη</em></span> <span class='ocrx_word' id='word_1_57' title='bbox 680 1404 974 1488; x_wconf 73' lang='grc' dir='ltr'><em>λεγομένῳ</em></span> <span class='ocrx_word' id='word_1_58' title='bbox 988 1457 1005 1492; x_wconf 88' lang='lat'>,</span> <span class='ocrx_word' id='word_1_59' title='bbox 1068 1407 1193 1487; x_wconf 74' lang='grc' dir='ltr'><em>περὶ</em></span> <span class='ocrx_word' id='word_1_60' title='bbox 1254 1404 1319 1472; x_wconf 77' lang='grc' dir='ltr'><em>οὗ</em></span> <span class='ocrx_word' id='word_1_61' title='bbox 1382 1408 1502 1475; x_wconf 81' lang='grc' dir='ltr'><em>κτὲ.</em></span> <span class='ocrx_word' id='word_1_62' title='bbox 1561 1410 1634 1475; x_wconf 84' lang='lat'><em>‘0</em></span> <span class='ocrx_word' id='word_1_63' title='bbox 1684 1414 1778 1475; x_wconf 80' lang='grc' dir='ltr'><em>νῦν</em></span> <span class='ocrx_word' id='word_1_64' title='bbox 1821 1410 2134 1489; x_wconf 87' lang='grc' dir='ltr'><em>λεγόμενος</em></span> <span class='ocrx_word' id='word_1_65' title='bbox 2179 1419 2414 1497; x_wconf 86' lang='lat' dir='ltr'>spectat</span> 
     </span>
     <span class='ocr_line' id='line_1_9' title="bbox 401 1524 2414 1611; baseline 0.003 -22"><span class='ocrx_word' id='word_1_66' title='bbox 401 1525 481 1589; x_wconf 89' lang='lat' dir='ltr'><em>ad</em></span> <span class='ocrx_word' id='word_1_67' title='bbox 541 1547 611 1590; x_wconf 91' lang='lat' dir='ltr'><em>ea</em></span> <span class='ocrx_word' id='word_1_68' title='bbox 656 1548 811 1609; x_wconf 92' lang='lat' dir='ltr'>quae</span> <span class='ocrx_word' id='word_1_69' title='bbox 857 1525 1037 1590; x_wconf 91' lang='lat' dir='ltr'>modo</span> <span class='ocrx_word' id='word_1_70' title='bbox 1086 1524 1250 1589; x_wconf 84' lang='lat' dir='ltr'>dicta</span> <span class='ocrx_word' id='word_1_71' title='bbox 1294 1532 1471 1604; x_wconf 87' lang='lat' dir='ltr'>sunt,</span> <span class='ocrx_word' id='word_1_72' title='bbox 1521 1526 1653 1609; x_wconf 77' lang='grc' dir='ltr'><em>περὶ</em></span> <span class='ocrx_word' id='word_1_73' title='bbox 1699 1524 1766 1592; x_wconf 78' lang='grc' dir='ltr'><em>οὗ</em></span> <span class='ocrx_word' id='word_1_74' title='bbox 1807 1533 1874 1594; x_wconf 86' lang='grc' dir='ltr'><em>τὸ</em></span> <span class='ocrx_word' id='word_1_75' title='bbox 1919 1529 2171 1611; x_wconf 85' lang='grc' dir='ltr'><em>δεύτερον</em></span> <span class='ocrx_word' id='word_1_76' title='bbox 2217 1529 2294 1595; x_wconf 87' lang='lat' dir='ltr'><em>ad</em></span> <span class='ocrx_word' id='word_1_77' title='bbox 2341 1554 2414 1595; x_wconf 91' lang='lat' dir='ltr'><em>ea</em></span> 
     </span>
     <span class='ocr_line' id='line_1_10' title="bbox 402 1644 1045 1729; baseline 0 -22"><span class='ocrx_word' id='word_1_78' title='bbox 402 1666 559 1728; x_wconf 89' lang='lat' dir='ltr'>quae</span> <span class='ocrx_word' id='word_1_79' title='bbox 598 1645 725 1729; x_wconf 86' lang='lat' dir='ltr'><em>jam</em></span> <span class='ocrx_word' id='word_1_80' title='bbox 771 1644 1045 1709; x_wconf 85' lang='lat' dir='ltr'>dicenda.</span> 
     </span>
    </p>

    <p class='ocr_par' dir='ltr' id='par_1_3' title="bbox 346 1743 2412 3745">
     <span class='ocr_line' id='line_1_11' title="bbox 346 1743 2408 1847; baseline 0.002 -21"><span class='ocrx_word' id='word_1_81' title='bbox 346 1743 353 1751; x_wconf 47' lang='grc'>’</span> <span class='ocrx_word' id='word_1_82' title='bbox 488 1760 771 1827; x_wconf 87' lang='lat' dir='ltr'>Ceterum</span> <span class='ocrx_word' id='word_1_83' title='bbox 838 1768 1070 1827; x_wconf 88' lang='lat' dir='ltr'>tantam</span> <span class='ocrx_word' id='word_1_84' title='bbox 1138 1760 1493 1826; x_wconf 91' lang='lat' dir='ltr'>huiusmodi</span> <span class='ocrx_word' id='word_1_85' title='bbox 1561 1763 1934 1847; x_wconf 82' lang='lat' dir='ltr'>argutiarum</span> <span class='ocrx_word' id='word_1_86' title='bbox 2005 1764 2220 1829; x_wconf 86' lang='lat' dir='ltr'>silvam</span> <span class='ocrx_word' id='word_1_87' title='bbox 2265 1779 2408 1831; x_wconf 81' lang='grc'>0011-</span> 
     </span>
     <span class='ocr_line' id='line_1_12' title="bbox 400 1879 2412 1967; baseline 0.002 -22"><span class='ocrx_word' id='word_1_88' title='bbox 400 1881 560 1945; x_wconf 83' lang='lat' dir='ltr'>tinet</span> <span class='ocrx_word' id='word_1_89' title='bbox 626 1880 774 1946; x_wconf 87' lang='lat' dir='ltr'>haec</span> <span class='ocrx_word' id='word_1_90' title='bbox 834 1879 1087 1966; x_wconf 86' lang='lat' dir='ltr'>epistola</span> <span class='ocrx_word' id='word_1_91' title='bbox 1103 1930 1122 1959; x_wconf 93' lang='lat'>‚</span> <span class='ocrx_word' id='word_1_92' title='bbox 1172 1887 1244 1943; x_wconf 90' lang='lat' dir='ltr'><em>ut</em></span> <span class='ocrx_word' id='word_1_93' title='bbox 1297 1879 1572 1966; x_wconf 84' lang='lat' dir='ltr'>exemplo</span> <span class='ocrx_word' id='word_1_94' title='bbox 1625 1904 1754 1946; x_wconf 89' lang='lat' dir='ltr'>esse</span> <span class='ocrx_word' id='word_1_95' title='bbox 1805 1884 2031 1967; x_wconf 83' lang='lat' dir='ltr'>possit,</span> <span class='ocrx_word' id='word_1_96' title='bbox 2088 1884 2238 1967; x_wconf 89' lang='lat' dir='ltr'>quid</span> <span class='ocrx_word' id='word_1_97' title='bbox 2297 1885 2412 1949; x_wconf 84' lang='lat' dir='ltr'><em>hac</em></span> 
     </span>
     <span class='ocr_line' id='line_1_13' title="bbox 401 1996 2410 2087; baseline 0.004 -25"><span class='ocrx_word' id='word_1_98' title='bbox 401 1998 465 2062; x_wconf 91' lang='lat' dir='ltr'><em>in</em></span> <span class='ocrx_word' id='word_1_99' title='bbox 534 2020 599 2062; x_wconf 87' lang='lat' dir='ltr'>re</span> <span class='ocrx_word' id='word_1_100' title='bbox 666 1998 981 2063; x_wconf 87' lang='lat' dir='ltr'>vitandum</span> <span class='ocrx_word' id='word_1_101' title='bbox 1050 1998 1148 2063; x_wconf 86' lang='lat' dir='ltr'>sit.</span> <span class='ocrx_word' id='word_1_102' title='bbox 1248 1996 1455 2063; x_wconf 80' lang='lat' dir='ltr'>Pauca</span> <span class='ocrx_word' id='word_1_103' title='bbox 1521 1998 1785 2065; x_wconf 87' lang='lat' dir='ltr'>affer-am.</span> <span class='ocrx_word' id='word_1_104' title='bbox 1855 2024 1915 2087; x_wconf 91' lang='lat' dir='ltr'><em>p.</em></span> <span class='ocrx_word' id='word_1_105' title='bbox 1986 2004 2115 2066; x_wconf 85' lang='lat'><em>316</em></span> <span class='ocrx_word' id='word_1_106' title='bbox 2163 2002 2256 2067; x_wconf 87' lang='lat' dir='ltr'><em>D:</em></span> <span class='ocrx_word' id='word_1_107' title='bbox 2309 2006 2410 2071; x_wconf 80' lang='grc' dir='ltr'><em>οὐκ</em></span> 
     </span>
     <span class='ocr_line' id='line_1_14' title="bbox 401 2114 2408 2204; baseline 0.003 -23"><span class='ocrx_word' id='word_1_108' title='bbox 401 2114 662 2199; x_wconf 75' lang='grc' dir='ltr'><em>ἄρχοντα</em></span> <span class='ocrx_word' id='word_1_109' title='bbox 678 2168 697 2201; x_wconf 86' lang='grc'><strong><em>,</em></strong></span> <span class='ocrx_word' id='word_1_110' title='bbox 757 2118 998 2197; x_wconf 77' lang='grc' dir='ltr'><em>οἰόμενον</em></span> <span class='ocrx_word' id='word_1_111' title='bbox 1042 2118 1090 2181; x_wconf 89' lang='grc' dir='ltr'><em>δ’</em></span> <span class='ocrx_word' id='word_1_112' title='bbox 1113 2114 1315 2199; x_wconf 75' lang='grc' dir='ltr'><em>ἄρχειν</em></span> <span class='ocrx_word' id='word_1_113' title='bbox 1330 2168 1350 2202; x_wconf 86' lang='lat'><em>‚</em></span> <span class='ocrx_word' id='word_1_114' title='bbox 1399 2118 1509 2183; x_wconf 82' lang='grc' dir='ltr'><em>ὑπὸ</em></span> <span class='ocrx_word' id='word_1_115' title='bbox 1555 2118 1614 2183; x_wconf 79' lang='grc' dir='ltr'><em>δὲ</em></span> <span class='ocrx_word' id='word_1_116' title='bbox 1657 2119 1918 2185; x_wconf 73' lang='grc' dir='ltr'><em>τοιούτων</em></span> <span class='ocrx_word' id='word_1_117' title='bbox 1961 2122 2263 2203; x_wconf 67' lang='grc' dir='ltr'><em>ἀνθρώπων</em></span> <span class='ocrx_word' id='word_1_118' title='bbox 2307 2124 2408 2204; x_wconf 65' lang='lat' dir='ltr'><em>aip-</em></span> 
     </span>
     <span class='ocr_line' id='line_1_15' title="bbox 400 2218 2406 2322; baseline 0.002 -22"><span class='ocrx_word' id='word_1_119' title='bbox 400 2235 667 2317; x_wconf 80' lang='grc' dir='ltr'><em>χόμενον.</em></span> <span class='ocrx_word' id='word_1_120' title='bbox 707 2259 767 2322; x_wconf 99' lang='grc' dir='ltr'><em>Ρ.</em></span> <span class='ocrx_word' id='word_1_121' title='bbox 805 2238 930 2301; x_wconf 86' lang='grc'><em>317</em></span> <span class='ocrx_word' id='word_1_122' title='bbox 974 2234 1057 2300; x_wconf 83' lang='lat' dir='ltr'><em>C:</em></span> <span class='ocrx_word' id='word_1_123' title='bbox 1088 2236 1275 2318; x_wconf 67' lang='grc' dir='ltr'><em>-ἓώρων</em></span> <span class='ocrx_word' id='word_1_124' title='bbox 1320 2237 1438 2316; x_wconf 72' lang='grc' dir='ltr'><em>γὰρ</em></span> <span class='ocrx_word' id='word_1_125' title='bbox 1484 2236 1581 2301; x_wconf 76' lang='grc' dir='ltr'><em>καὶ</em></span> <span class='ocrx_word' id='word_1_126' title='bbox 1621 2238 1756 2303; x_wconf 89' lang='grc' dir='ltr'><em>τότε</em></span> <span class='ocrx_word' id='word_1_127' title='bbox 1816 2218 1934 2303; x_wconf 29' lang='grc' dir='ltr'><em>καὶ,</em></span> <span class='ocrx_word' id='word_1_128' title='bbox 1975 2244 2070 2303; x_wconf 82' lang='grc' dir='ltr'><em>νῦν</em></span> <span class='ocrx_word' id='word_1_129' title='bbox 2101 2239 2220 2319; x_wconf 78' lang='grc' dir='ltr'><em>ὁρῶ.</em></span> <span class='ocrx_word' id='word_1_130' title='bbox 2257 2240 2406 2305; x_wconf 88' lang='lat' dir='ltr'>ibid.</span> 
     </span>
     <span class='ocr_line' id='line_1_16' title="bbox 400 2353 2408 2437; baseline 0.002 -20"><span class='ocrx_word' id='word_1_131' title='bbox 400 2353 489 2417; x_wconf 91' lang='lat' dir='ltr'><em>D:</em></span> <span class='ocrx_word' id='word_1_132' title='bbox 538 2355 619 2419; x_wconf 69' lang='grc' dir='ltr'><em>τὰ</em></span> <span class='ocrx_word' id='word_1_133' title='bbox 662 2356 922 2437; x_wconf 78' lang='grc' dir='ltr'><em>σφέτερα</em></span> <span class='ocrx_word' id='word_1_134' title='bbox 967 2355 1170 2420; x_wconf 71' lang='grc' dir='ltr'><em>πάντα</em></span> <span class='ocrx_word' id='word_1_135' title='bbox 1185 2408 1205 2431; x_wconf 89' lang='grc'>,</span> <span class='ocrx_word' id='word_1_136' title='bbox 1252 2353 1374 2431; x_wconf 77' lang='grc' dir='ltr'><em>ἐξὸν</em></span> <span class='ocrx_word' id='word_1_137' title='bbox 1416 2356 1503 2433; x_wconf 69' lang='grc' dir='ltr'><em>μὴ</em></span> <span class='ocrx_word' id='word_1_138' title='bbox 1546 2356 1882 2420; x_wconf 68' lang='grc' dir='ltr'><em>ἐπωλέσθαι</em></span> <span class='ocrx_word' id='word_1_139' title='bbox 1896 2407 1916 2431; x_wconf 86' lang='grc'><strong>,</strong></span> <span class='ocrx_word' id='word_1_140' title='bbox 1959 2356 2191 2421; x_wconf 83' lang='grc' dir='ltr'><em>διώλετο</em></span> <span class='ocrx_word' id='word_1_141' title='bbox 2209 2406 2223 2421; x_wconf 94' lang='grc'><strong>.</strong></span> <span class='ocrx_word' id='word_1_142' title='bbox 2257 2357 2408 2423; x_wconf 86' lang='lat' dir='ltr'>ibid.</span> 
     </span>
     <span class='ocr_line' id='line_1_17' title="bbox 400 2470 2410 2558; baseline 0.002 -23"><span class='ocrx_word' id='word_1_143' title='bbox 400 2470 481 2536; x_wconf 83' lang='lat' dir='ltr'><em>E:</em></span> <span class='ocrx_word' id='word_1_144' title='bbox 544 2477 629 2551; x_wconf 72' lang='grc' dir='ltr'><em>μὴ</em></span> <span class='ocrx_word' id='word_1_145' title='bbox 682 2473 1077 2551; x_wconf 69' lang='grc' dir='ltr'><em>διανείμασθαι</em></span> <span class='ocrx_word' id='word_1_146' title='bbox 1139 2473 1270 2545; x_wconf 87' lang='grc' dir='ltr'><em>τοὺς</em></span> <span class='ocrx_word' id='word_1_147' title='bbox 1332 2472 1827 2553; x_wconf 67' lang='grc' dir='ltr'><em>διανειμαμένους.</em></span> <span class='ocrx_word' id='word_1_148' title='bbox 1877 2496 1936 2558; x_wconf 89' lang='lat' dir='ltr'><em>p.</em></span> <span class='ocrx_word' id='word_1_149' title='bbox 1984 2475 2110 2537; x_wconf 83' lang='lat'><em>318</em></span> <span class='ocrx_word' id='word_1_150' title='bbox 2158 2473 2247 2538; x_wconf 77' lang='lat' dir='ltr'><em>D:</em></span> <span class='ocrx_word' id='word_1_151' title='bbox 2302 2483 2410 2551; x_wconf 76' lang='grc' dir='ltr'><em>τῆς</em></span> 
     </span>
     <span class='ocr_line' id='line_1_18' title="bbox 399 2591 2410 2677; baseline 0.001 -20"><span class='ocrx_word' id='word_1_152' title='bbox 399 2592 683 2665; x_wconf 83' lang='grc' dir='ltr'><em>κοινωνίας</em></span> <span class='ocrx_word' id='word_1_153' title='bbox 720 2601 824 2667; x_wconf 75' lang='grc' dir='ltr'><em>τῆς</em></span> <span class='ocrx_word' id='word_1_154' title='bbox 862 2593 1004 2670; x_wconf 80' lang='grc' dir='ltr'><em>ἒμῆς</em></span> <span class='ocrx_word' id='word_1_155' title='bbox 1042 2591 1143 2656; x_wconf 71' lang='grc' dir='ltr'><em>καὶ</em></span> <span class='ocrx_word' id='word_1_156' title='bbox 1180 2601 1314 2670; x_wconf 82' lang='grc' dir='ltr'><em>σῆς,</em></span> <span class='ocrx_word' id='word_1_157' title='bbox 1348 2598 1409 2657; x_wconf 87' lang='lat' dir='ltr'><em>et</em></span> <span class='ocrx_word' id='word_1_158' title='bbox 1439 2591 1624 2677; x_wconf 91' lang='lat' dir='ltr'>paulo</span> <span class='ocrx_word' id='word_1_159' title='bbox 1654 2600 1820 2677; x_wconf 89' lang='lat' dir='ltr'>post:</span> <span class='ocrx_word' id='word_1_160' title='bbox 1859 2594 1964 2667; x_wconf 70' lang='grc' dir='ltr'><em>τὴν</em></span> <span class='ocrx_word' id='word_1_161' title='bbox 1995 2594 2139 2672; x_wconf 69' lang='grc' dir='ltr'><em>ἐμὴν</em></span> <span class='ocrx_word' id='word_1_162' title='bbox 2172 2594 2270 2659; x_wconf 73' lang='grc' dir='ltr'><em>καὶ</em></span> <span class='ocrx_word' id='word_1_163' title='bbox 2304 2597 2410 2671; x_wconf 66' lang='grc' dir='ltr'><em>σὺν</em></span> 
     </span>
     <span class='ocr_line' id='line_1_19' title="bbox 399 2709 2407 2795; baseline 0.001 -20"><span class='ocrx_word' id='word_1_164' title='bbox 399 2711 766 2791; x_wconf 75' lang='grc' dir='ltr'><em>λυκοφιλίαν.</em></span> <span class='ocrx_word' id='word_1_165' title='bbox 808 2710 955 2775; x_wconf 86' lang='lat' dir='ltr'>ibid.</span> <span class='ocrx_word' id='word_1_166' title='bbox 1003 2709 1086 2774; x_wconf 84' lang='lat' dir='ltr'><em>E:</em></span> <span class='ocrx_word' id='word_1_167' title='bbox 1134 2720 1238 2787; x_wconf 81' lang='grc' dir='ltr'><em>τῆς</em></span> <span class='ocrx_word' id='word_1_168' title='bbox 1282 2712 1426 2789; x_wconf 74' lang='grc' dir='ltr'><em>ἐμῆς</em></span> <span class='ocrx_word' id='word_1_169' title='bbox 1471 2710 1813 2789; x_wconf 75' lang='grc' dir='ltr'><em>μεταβολῆς</em></span> <span class='ocrx_word' id='word_1_170' title='bbox 1830 2761 1850 2795; x_wconf 86' lang='lat'><em>,</em></span> <span class='ocrx_word' id='word_1_171' title='bbox 1885 2712 1932 2776; x_wconf 80' lang='grc' dir='ltr'><em>εἱ</em></span> <span class='ocrx_word' id='word_1_172' title='bbox 1960 2711 2407 2793; x_wconf 79' lang='grc' dir='ltr'><em>μετεβαλόμην.</em></span> 
     </span>
     <span class='ocr_line' id='line_1_20' title="bbox 402 2827 2409 2915; baseline 0.001 -23"><span class='ocrx_word' id='word_1_173' title='bbox 402 2827 497 2893; x_wconf 84' lang='lat' dir='ltr'><em>Cf.</em></span> <span class='ocrx_word' id='word_1_174' title='bbox 544 2828 659 2915; x_wconf 83' lang='lat' dir='ltr'><em>Ep.</em></span> <span class='ocrx_word' id='word_1_175' title='bbox 704 2829 811 2906; x_wconf 89' lang='lat' dir='ltr'><em>H,</em></span> <span class='ocrx_word' id='word_1_176' title='bbox 852 2832 979 2894; x_wconf 77' lang='lat'><em>312</em></span> <span class='ocrx_word' id='word_1_177' title='bbox 1020 2831 1110 2893; x_wconf 78' lang='lat' dir='ltr'><em>A:</em></span> <span class='ocrx_word' id='word_1_178' title='bbox 1145 2831 1193 2895; x_wconf 84' lang='grc' dir='ltr'><em>οἱ</em></span> <span class='ocrx_word' id='word_1_179' title='bbox 1228 2830 1474 2907; x_wconf 81' lang='grc' dir='ltr'><em>βοῶντες</em></span> <span class='ocrx_word' id='word_1_180' title='bbox 1501 2881 1516 2896; x_wconf 99' lang='grc'><strong>.</strong></span> <span class='ocrx_word' id='word_1_181' title='bbox 1542 2880 1561 2896; x_wconf 88' lang='grc'><strong>.</strong></span> <span class='ocrx_word' id='word_1_182' title='bbox 1590 2882 1605 2897; x_wconf 99' lang='grc'><strong>.</strong></span> <span class='ocrx_word' id='word_1_183' title='bbox 1645 2836 1848 2895; x_wconf 78' lang='grc' dir='ltr'><em>ταῦτα</em></span> <span class='ocrx_word' id='word_1_184' title='bbox 1886 2829 1953 2906; x_wconf 69' lang='grc' dir='ltr'><em>δὴ</em></span> <span class='ocrx_word' id='word_1_185' title='bbox 1987 2831 2409 2910; x_wconf 77' lang='grc' dir='ltr'><em>διαβεβόηται.</em></span> 
     </span>
     <span class='ocr_line' id='line_1_21' title="bbox 401 2928 2410 3032; baseline 0.002 -21"><span class='ocrx_word' id='word_1_186' title='bbox 401 2970 461 3032; x_wconf 91' lang='grc' dir='ltr'><em>Ρ.</em></span> <span class='ocrx_word' id='word_1_187' title='bbox 522 2950 648 3012; x_wconf 90' lang='grc'><em>313</em></span> <span class='ocrx_word' id='word_1_188' title='bbox 694 2947 772 3011; x_wconf 88' lang='lat' dir='ltr'><em>D.</em></span> <span class='ocrx_word' id='word_1_189' title='bbox 821 2947 907 3010; x_wconf 76' lang='lat' dir='ltr'><em>E:</em></span> <span class='ocrx_word' id='word_1_190' title='bbox 956 2950 984 3013; x_wconf 84' lang='grc' dir='ltr'><strong><em>ὅ</em></strong></span> <span class='ocrx_word' id='word_1_191' title='bbox 1018 2948 1511 3030; x_wconf 73' lang='grc' dir='ltr'><em>ἐμπορευσάμενος</em></span> <span class='ocrx_word' id='word_1_192' title='bbox 1537 2999 1553 3014; x_wconf 99' lang='grc'><strong>.</strong></span> <span class='ocrx_word' id='word_1_193' title='bbox 1583 2998 1598 3014; x_wconf 94' lang='grc'><em>.</em></span> <span class='ocrx_word' id='word_1_194' title='bbox 1627 2997 1642 3012; x_wconf 99' lang='grc'><strong>.</strong></span> <span class='ocrx_word' id='word_1_195' title='bbox 1697 2956 1803 3024; x_wconf 79' lang='grc' dir='ltr'><em>τῆς</em></span> <span class='ocrx_word' id='word_1_196' title='bbox 1848 2928 2127 3029; x_wconf 65' lang='grc' dir='ltr'><em>ἐμπορίας</em></span> <span class='ocrx_word' id='word_1_197' title='bbox 2151 2999 2166 3015; x_wconf 93' lang='grc'><strong>.</strong></span> <span class='ocrx_word' id='word_1_198' title='bbox 2197 2999 2212 3015; x_wconf 94' lang='grc'><em>.</em></span> <span class='ocrx_word' id='word_1_199' title='bbox 2243 3000 2258 3015; x_wconf 99' lang='grc'><strong>.</strong></span> <span class='ocrx_word' id='word_1_200' title='bbox 2309 2951 2410 3029; x_wconf 88' lang='grc' dir='ltr'><em>ε’μ-</em></span> 
     </span>
     <span class='ocr_line' id='line_1_22' title="bbox 398 3064 2402 3145; baseline 0 -15"><span class='ocrx_word' id='word_1_201' title='bbox 398 3066 755 3145; x_wconf 85' lang='grc' dir='ltr'><em>πορεύσεται.</em></span> <span class='ocrx_word' id='word_1_202' title='bbox 823 3064 969 3130; x_wconf 89' lang='grc' dir='ltr'><em>Νο11</em></span> <span class='ocrx_word' id='word_1_203' title='bbox 1028 3067 1249 3131; x_wconf 84' lang='grc'>1111111111</span> <span class='ocrx_word' id='word_1_204' title='bbox 1295 3073 1499 3131; x_wconf 86' lang='lat' dir='ltr'>autem</span> <span class='ocrx_word' id='word_1_205' title='bbox 1544 3067 1596 3130; x_wconf 89' lang='lat' dir='ltr'>si</span> <span class='ocrx_word' id='word_1_206' title='bbox 1641 3067 1820 3131; x_wconf 87' lang='lat' dir='ltr'>inane</span> <span class='ocrx_word' id='word_1_207' title='bbox 1865 3066 2036 3131; x_wconf 90' lang='lat' dir='ltr'>istud</span> <span class='ocrx_word' id='word_1_208' title='bbox 2082 3066 2402 3133; x_wconf 84' lang='lat' dir='ltr'>verborum</span> 
     </span>
     <span class='ocr_line' id='line_1_23' title="bbox 400 3184 2402 3270; baseline 0 -23"><span class='ocrx_word' id='word_1_209' title='bbox 400 3184 728 3269; x_wconf 86' lang='lat' dir='ltr'>aucupium</span> <span class='ocrx_word' id='word_1_210' title='bbox 790 3184 1101 3269; x_wconf 84' lang='lat' dir='ltr'>scriptoris</span> <span class='ocrx_word' id='word_1_211' title='bbox 1154 3184 1387 3270; x_wconf 85' lang='lat' dir='ltr'>judicio</span> <span class='ocrx_word' id='word_1_212' title='bbox 1448 3184 1636 3248; x_wconf 85' lang='lat' dir='ltr'>officit</span> <span class='ocrx_word' id='word_1_213' title='bbox 1695 3190 1758 3247; x_wconf 91' lang='lat' dir='ltr'><em>et</em></span> <span class='ocrx_word' id='word_1_214' title='bbox 1801 3184 2134 3247; x_wconf 85' lang='lat' dir='ltr'>orationem</span> <span class='ocrx_word' id='word_1_215' title='bbox 2150 3233 2169 3261; x_wconf 92' lang='lat'><em>,</em></span> <span class='ocrx_word' id='word_1_216' title='bbox 2219 3206 2402 3268; x_wconf 87' lang='lat' dir='ltr'>quam</span> 
     </span>
     <span class='ocr_line' id='line_1_24' title="bbox 400 3301 2402 3389; baseline -0.001 -21"><span class='ocrx_word' id='word_1_217' title='bbox 400 3304 706 3389; x_wconf 82' lang='lat' dir='ltr'>copiosam</span> <span class='ocrx_word' id='word_1_218' title='bbox 757 3303 1006 3369; x_wconf 85' lang='lat' dir='ltr'>reddere</span> <span class='ocrx_word' id='word_1_219' title='bbox 1050 3304 1297 3381; x_wconf 91' lang='lat' dir='ltr'>nititur,</span> <span class='ocrx_word' id='word_1_220' title='bbox 1344 3303 1489 3367; x_wconf 84' lang='lat' dir='ltr'>facit</span> <span class='ocrx_word' id='word_1_221' title='bbox 1532 3301 1920 3367; x_wconf 80' lang='lat' dir='ltr'>lutulentam.</span> <span class='ocrx_word' id='word_1_222' title='bbox 2013 3301 2168 3367; x_wconf 90' lang='lat' dir='ltr'>Inde</span> <span class='ocrx_word' id='word_1_223' title='bbox 2215 3302 2284 3366; x_wconf 92' lang='lat' dir='ltr'><em>fit</em></span> <span class='ocrx_word' id='word_1_224' title='bbox 2329 3308 2402 3366; x_wconf 90' lang='lat' dir='ltr'><em>ut</em></span> 
     </span>
     <span class='ocr_line' id='line_1_25' title="bbox 400 3419 2407 3498; baseline -0.001 -12"><span class='ocrx_word' id='word_1_225' title='bbox 400 3444 526 3487; x_wconf 89' lang='lat' dir='ltr'><em>non</em></span> <span class='ocrx_word' id='word_1_226' title='bbox 585 3444 720 3486; x_wconf 87' lang='lat' dir='ltr'>raro</span> <span class='ocrx_word' id='word_1_227' title='bbox 781 3422 1047 3487; x_wconf 88' lang='lat' dir='ltr'>offendas</span> <span class='ocrx_word' id='word_1_228' title='bbox 1107 3423 1173 3486; x_wconf 90' lang='lat' dir='ltr'><em>in</em></span> <span class='ocrx_word' id='word_1_229' title='bbox 1232 3422 1563 3486; x_wconf 87' lang='lat' dir='ltr'>sententias</span> <span class='ocrx_word' id='word_1_230' title='bbox 1623 3420 1870 3486; x_wconf 89' lang='lat' dir='ltr'>mutilas</span> <span class='ocrx_word' id='word_1_231' title='bbox 1885 3470 1904 3498; x_wconf 92' lang='lat'><em>,</em></span> <span class='ocrx_word' id='word_1_232' title='bbox 1962 3419 2197 3485; x_wconf 86' lang='lat' dir='ltr'>hiulcas</span> <span class='ocrx_word' id='word_1_233' title='bbox 2212 3471 2231 3498; x_wconf 91' lang='lat'><em>‚</em></span> <span class='ocrx_word' id='word_1_234' title='bbox 2280 3443 2407 3485; x_wconf 88' lang='lat' dir='ltr'><em>non</em></span> 
     </span>
     <span class='ocr_line' id='line_1_26' title="bbox 396 3538 2410 3625; baseline -0.001 -20"><span class='ocrx_word' id='word_1_235' title='bbox 396 3541 565 3625; x_wconf 87' lang='lat' dir='ltr'>justo</span> <span class='ocrx_word' id='word_1_236' title='bbox 620 3541 829 3605; x_wconf 86' lang='lat' dir='ltr'>ordine</span> <span class='ocrx_word' id='word_1_237' title='bbox 891 3548 1184 3619; x_wconf 86' lang='lat' dir='ltr'>structas,</span> <span class='ocrx_word' id='word_1_238' title='bbox 1248 3542 1421 3605; x_wconf 86' lang='lat' dir='ltr'>cuius</span> <span class='ocrx_word' id='word_1_239' title='bbox 1490 3540 1725 3625; x_wconf 86' lang='lat' dir='ltr'>generis</span> <span class='ocrx_word' id='word_1_240' title='bbox 1772 3563 1804 3603; x_wconf 90' lang='lat' dir='ltr'>e</span> <span class='ocrx_word' id='word_1_241' title='bbox 1849 3538 2059 3603; x_wconf 91' lang='lat' dir='ltr'>multis</span> <span class='ocrx_word' id='word_1_242' title='bbox 2106 3560 2296 3603; x_wconf 89' lang='lat' dir='ltr'>unum</span> <span class='ocrx_word' id='word_1_243' title='bbox 2349 3546 2410 3602; x_wconf 93' lang='lat' dir='ltr'><em>et</em></span> 
     </span>
     <span class='ocr_line' id='line_1_27' title="bbox 403 3658 1594 3745; baseline 0 -22"><span class='ocrx_word' id='word_1_244' title='bbox 403 3680 596 3723; x_wconf 88' lang='lat' dir='ltr'>unum</span> <span class='ocrx_word' id='word_1_245' title='bbox 643 3659 898 3725; x_wconf 88' lang='lat' dir='ltr'>alterum</span> <span class='ocrx_word' id='word_1_246' title='bbox 946 3659 1287 3745; x_wconf 84' lang='lat' dir='ltr'>exemplum</span> <span class='ocrx_word' id='word_1_247' title='bbox 1334 3658 1594 3723; x_wconf 86' lang='lat' dir='ltr'>afferam.</span> 
     </span>
    </p>

    <p class='ocr_par' dir='ltr' id='par_1_4' title="bbox 402 3759 2407 4331">
     <span class='ocr_line' id='line_1_28' title="bbox 490 3759 2406 3863; baseline -0.002 -21"><span class='ocrx_word' id='word_1_248' title='bbox 490 3777 764 3843; x_wconf 90' lang='lat' dir='ltr'>Primum</span> <span class='ocrx_word' id='word_1_249' title='bbox 810 3778 1149 3863; x_wconf 82' lang='lat' dir='ltr'>exemplum</span> <span class='ocrx_word' id='word_1_250' title='bbox 1196 3779 1277 3843; x_wconf 89' lang='lat' dir='ltr'>sit</span> <span class='ocrx_word' id='word_1_251' title='bbox 1322 3801 1382 3863; x_wconf 90' lang='lat' dir='ltr'><em>p.</em></span> <span class='ocrx_word' id='word_1_252' title='bbox 1417 3780 1545 3841; x_wconf 84' lang='grc'><em>316</em></span> <span class='ocrx_word' id='word_1_253' title='bbox 1579 3759 1664 3841; x_wconf 79' lang='lat' dir='ltr'><em>G&#39;:</em></span> <span class='ocrx_word' id='word_1_254' title='bbox 1699 3771 1916 3842; x_wconf 79' lang='grc' dir='ltr'><em>Ἦλθον</em></span> <span class='ocrx_word' id='word_1_255' title='bbox 1946 3774 2297 3853; x_wconf 87' lang='grc' dir='ltr'><em>καλούμενος</em></span> <span class='ocrx_word' id='word_1_256' title='bbox 2328 3776 2406 3847; x_wconf 82' lang='grc' dir='ltr'><em>είς</em></span> 
     </span>
     <span class='ocr_line' id='line_1_29' title="bbox 402 3894 2403 3979; baseline -0.003 -16"><span class='ocrx_word' id='word_1_257' title='bbox 402 3898 775 3979; x_wconf 80' lang='grc' dir='ltr'><em>Συρακούσας</em></span> <span class='ocrx_word' id='word_1_258' title='bbox 835 3897 946 3961; x_wconf 83' lang='grc' dir='ltr'><em>ὑπό</em></span> <span class='ocrx_word' id='word_1_259' title='bbox 1002 3922 1069 3961; x_wconf 86' lang='grc' dir='ltr'><em>τε</em></span> <span class='ocrx_word' id='word_1_260' title='bbox 1128 3904 1228 3962; x_wconf 81' lang='grc' dir='ltr'><em>σοῦ</em></span> <span class='ocrx_word' id='word_1_261' title='bbox 1286 3897 1385 3962; x_wconf 78' lang='grc' dir='ltr'><em>καὶ</em></span> <span class='ocrx_word' id='word_1_262' title='bbox 1455 3898 1664 3968; x_wconf 84' lang='grc' dir='ltr'><em>Δίωνος</em></span> <span class='ocrx_word' id='word_1_263' title='bbox 1680 3944 1699 3973; x_wconf 89' lang='grc'><strong><em>,</em></strong></span> <span class='ocrx_word' id='word_1_264' title='bbox 1755 3900 1858 3959; x_wconf 78' lang='grc' dir='ltr'><em>τοῦ</em></span> <span class='ocrx_word' id='word_1_265' title='bbox 1919 3894 2024 3971; x_wconf 77' lang='grc' dir='ltr'><em>μὲν</em></span> <span class='ocrx_word' id='word_1_266' title='bbox 2071 3894 2403 3970; x_wconf 87' lang='grc' dir='ltr'><em>δεδοκιμασ-</em></span> 
     </span>
     <span class='ocr_line' id='line_1_30' title="bbox 402 4009 2407 4095; baseline -0.003 -15"><span class='ocrx_word' id='word_1_267' title='bbox 402 4014 571 4093; x_wconf 83' lang='grc' dir='ltr'><em>μένου</em></span> <span class='ocrx_word' id='word_1_268' title='bbox 631 4017 769 4095; x_wconf 83' lang='grc' dir='ltr'><em>παρ’</em></span> <span class='ocrx_word' id='word_1_269' title='bbox 816 4014 939 4093; x_wconf 80' lang='grc' dir='ltr'><em>ἐμοὶ</em></span> <span class='ocrx_word' id='word_1_270' title='bbox 999 4012 1098 4077; x_wconf 78' lang='grc' dir='ltr'><em>καὶ</em></span> <span class='ocrx_word' id='word_1_271' title='bbox 1159 4011 1316 4089; x_wconf 78' lang='grc' dir='ltr'><em>ξένου</em></span> <span class='ocrx_word' id='word_1_272' title='bbox 1360 4012 1552 4079; x_wconf 68' lang='grc' dir='ltr'><em>παλαι</em></span> <span class='ocrx_word' id='word_1_273' title='bbox 1611 4011 1919 4090; x_wconf 87' lang='grc' dir='ltr'><em>γεγονότος</em></span> <span class='ocrx_word' id='word_1_274' title='bbox 1936 4062 1954 4086; x_wconf 85' lang='grc'><em>,</em></span> <span class='ocrx_word' id='word_1_275' title='bbox 1994 4010 2073 4074; x_wconf 79' lang='grc' dir='ltr'><em>,ἐν</em></span> <span class='ocrx_word' id='word_1_276' title='bbox 2121 4009 2316 4093; x_wconf 70' lang='grc' dir='ltr'><em>ἡλικία</em></span> <span class='ocrx_word' id='word_1_277' title='bbox 2359 4010 2407 4074; x_wconf 84' lang='grc' dir='ltr'><em>δ’</em></span> 
     </span>
     <span class='ocr_line' id='line_1_31' title="bbox 402 4128 2404 4215; baseline -0.002 -19"><span class='ocrx_word' id='word_1_278' title='bbox 402 4131 553 4203; x_wconf 78' lang='grc' dir='ltr'><em>ὄντος</em></span> <span class='ocrx_word' id='word_1_279' title='bbox 597 4130 747 4213; x_wconf 74' lang='grc' dir='ltr'><em>μέση</em></span> <span class='ocrx_word' id='word_1_280' title='bbox 803 4131 901 4195; x_wconf 80' lang='grc' dir='ltr'><em>καὶ</em></span> <span class='ocrx_word' id='word_1_281' title='bbox 964 4131 1347 4214; x_wconf 68' lang='grc' dir='ltr'><em>καθεστηκυίᾳ</em></span> <span class='ocrx_word' id='word_1_282' title='bbox 1364 4182 1381 4215; x_wconf 82' lang='grc'><strong><em>,</em></strong></span> <span class='ocrx_word' id='word_1_283' title='bbox 1444 4128 1517 4197; x_wconf 76' lang='grc' dir='ltr'><em>ὧν</em></span> <span class='ocrx_word' id='word_1_284' title='bbox 1562 4131 1627 4206; x_wconf 68' lang='grc' dir='ltr'><em>δὴ</em></span> <span class='ocrx_word' id='word_1_285' title='bbox 1673 4129 2022 4195; x_wconf 71' lang='grc' dir='ltr'><em>παντάπασι</em></span> <span class='ocrx_word' id='word_1_286' title='bbox 2068 4128 2242 4208; x_wconf 80' lang='grc' dir='ltr'><em>χρεία</em></span> <span class='ocrx_word' id='word_1_287' title='bbox 2288 4136 2404 4199; x_wconf 83' lang='grc' dir='ltr'><em>τοῖς</em></span> 
     </span>
     <span class='ocr_line' id='line_1_32' title="bbox 405 4242 2403 4331; baseline -0.002 -19"><span class='ocrx_word' id='word_1_288' title='bbox 405 4255 525 4313; x_wconf 81' lang='grc' dir='ltr'><em>νοῦν</em></span> <span class='ocrx_word' id='word_1_289' title='bbox 592 4249 689 4314; x_wconf 77' lang='grc' dir='ltr'><em>καὶ</em></span> <span class='ocrx_word' id='word_1_290' title='bbox 748 4249 980 4331; x_wconf 83' lang='grc' dir='ltr'><em>σμικρὸν</em></span> <span class='ocrx_word' id='word_1_291' title='bbox 1037 4250 1398 4329; x_wconf 82' lang='grc' dir='ltr'><em>κεκτημένοις</em></span> <span class='ocrx_word' id='word_1_292' title='bbox 1460 4250 1738 4329; x_wconf 82' lang='grc' dir='ltr'><em>μέλλουσι</em></span> <span class='ocrx_word' id='word_1_293' title='bbox 1798 4246 1923 4329; x_wconf 76' lang='grc' dir='ltr'><em>περὶ</em></span> <span class='ocrx_word' id='word_1_294' title='bbox 1969 4246 2248 4311; x_wconf 82' lang='grc' dir='ltr'><em>τοσούτων</em></span> <span class='ocrx_word' id='word_1_295' title='bbox 2293 4242 2403 4309; x_wconf 72' lang='grc' dir='ltr'><em>ὅσα</em></span> 
     </span>
    </p>
   </div>
  </div>
 </body>
</html>
