3092 5084
969 1393 1875 1563 PRAEFAQIQ‘

476 2179 652 2258 Quod
689 2177 1010 2240 illustrium
1054 2177 1428 2262 antiquitatis
1469 2177 1815 2260 scriplorum
1842 2177 1988 2262 fere
2032 2175 2279 2250 nemini,
2332 2175 2403 2238 id

378 2311 623 2374 Platoni
681 2311 902 2386 evenit,
967 2316 1034 2374 ut
1089 2333 1160 2374 ecc
1219 2311 1345 2374 eius
1402 2310 1671 2392 scriptiis,
1734 2332 1883 2394 quae
1944 2309 2272 2394 aequalium
2334 2307 2397 2370 in

374 2443 638 2506 manibus
657 2443 955 2524 fuerunt,
1003 2444 1229 2506 nullum
1243 2492 1264 2520 ‚
1298 2450 1575 2529 quantum
1608 2447 1953 2525 compertum
1982 2443 2251 2504 habemus
2261 2491 2278 2522 ,
2312 2441 2399 2504 in-

356 2576 534 2660 juria
579 2583 889 2658 temporum
933 2575 1286 2640 hominumve
1331 2576 1562 2639 incuria
1608 2574 1967 2638 interciderit
1979 2601 2007 2648 ;
2040 2579 2241 2637 contra
2271 2595 2397 2636 cum

373 2731 486 2771 non
538 2710 756 2792 paucis
799 2709 1198 2774 excellentibus
1230 2709 1596 2792 philosophis
1640 2715 1695 2771 et
1739 2708 2065 2771 oratoribus
2110 2729 2399 2770 commune

311 2928 314 2929 γ
377 2843 584 2904 habuit
593 2891 612 2920 ,
674 2845 831 2927 quod
885 2845 1009 2906 eius
1068 2843 1292 2906 nomine
1340 2843 1525 2925 plura
1592 2843 1750 2904 edita
1809 2846 1866 2904 et
1917 2840 2217 2922 divulqata
2260 2846 2397 2903 sunt

375 2974 598 3057 scripta
616 3025 634 3052 ,
685 2999 832 3060 quae
859 2977 993 3061 jam
1041 2978 1174 3042 olim
1221 2977 1544 3040 acutiorum
1592 2974 1937 3038 criticorum‘
1952 2974 2184 3058 judicio
2228 2997 2398 3056 repu-

376 3109 546 3172 diata
604 3116 756 3174 sunt.
852 3111 1042 3173 Causa
1099 3110 1190 3174 rei
1232 3111 1377 3197 fuit
1436 3111 1595 3194 quod
1648 3108 1922 3171 Platonis
1966 3107 2261 3171 auditores
2306 3109 2399 3171 vel

376 3243 612 3308 lectores
627 3291 644 3319 ,
714 3243 1037 3326 sapientiae
1103 3245 1230 3307 eius
1287 3251 1344 3308 et
1403 3243 1685 3306 orationis
1752 3241 2138 3305 admiratione
2199 3242 2394 3323 capti,

378 3398 504 3438 eum
572 3375 862 3440 scribendo
933 3377 1160 3440 imitari
1225 3380 1569 3442 studuerunt
1630 3384 1686 3439 et
1745 3398 1855 3438 sua
1914 3373 2227 3456 specimina
2280 3397 2398 3436 ma-

372 3507 552 3590 ffistri
630 3510 855 3574 nomine
940 3510 1224 3592 insiqnita
1303 3510 1692 3574 venditarunt.
1810 3507 2034 3570 Horum
2116 3509 2397 3570 nonnulla

355 3681 362 3688 -
363 3643 497 3724 jam
565 3649 838 3719 veterum¹
873 3645 1203 3708 criticorum
1265 3644 1445 3708 aciem
1488 3667 1602 3708 nou
1640 3642 2035 3728 fefellerunt,
2093 3640 2217 3704 alia
2269 3662 2399 3704 vero

383 3778 466 3840 ad
519 3775 724 3838 ultima
781 3779 1126 3842 Academiae
1185 3787 1438 3861 tempora
1484 3799 1601 3861 pro
1639 3775 1932 3858 ,qermanis
1976 3775 2247 3838 Platonis
2289 3796 2403 3837 mo-

383 3907 668 3971 numentis
726 3909 930 3972 habita
986 3917 1142 3973 sunt.
1236 3911 1314 3974 In
1371 3912 1480 3973 bac
1541 3910 1723 3973 classe
1776 3911 2074 3970 censentur
2120 3905 2295 3987 Epis
2310 3911 2401 3969 to-

385 4041 414 4102 l
419 4061 499 4102 ae
513 4087 531 4116 ‚
594 4063 743 4126 quae
803 4065 842 4104 a
891 4043 1168 4128 Thrasylo
1215 4044 1278 4106 in
1323 4043 1759 4106 Platonicorum
1804 4061 2037 4121 operum
2084 4039 2401 4120 cataloyum

387 4179 673 4256 receptae,
690 4176 825 4259 jam
857 4199 894 4238 a
934 4176 1200 4240 Cicerone
1215 4227 1230 4253 ‚
1260 4178 1579 4240 Plutarcho
1604 4195 1907 4258 eorumque
1936 4171 2273 4256 aequalibus
2282 4195 2399 4254 pro

389 4306 624 4371 sinceris
667 4310 898 4374 habitae
942 4317 999 4377 et
1035 4313 1285 4376 studiose
1321 4311 1615 4376 lectitatae
1647 4315 1802 4373 sunt.
1875 4307 2038 4370 Num
2076 4305 2399 4369 mirandum
