3092 5084
1631 479 1714 538 42

752 683 922 748 Haec
966 684 1043 748 de
1089 684 1378 768 epistolae
1419 690 1778 768 argumento
1810 691 1870 747 et
1900 707 2102 750 rerum
2133 686 2492 750 tractatione
2502 712 2523 764 ;
2549 687 2675 771 jam

663 801 740 866 de
786 802 1060 866 oratione
1106 803 1438 866 videamus,

1578 1042 1611 1125 ᾧ
1676 1042 1735 1104 2.

1406 1281 1501 1342 De
1558 1279 1849 1342 Oratione.
1882 1279 1927 1363 l)

750 1512 894 1593 Quo
939 1515 1158 1580 melius
1205 1515 1516 1600 scriptoris
1553 1515 1862 1600 judicium
1878 1565 1897 1592 ‚
1948 1537 2200 1579 acumen
2216 1565 2235 1592 ‚
2280 1513 2581 1598 elegantia
2604 1515 2670 1577 in

660 1632 860 1696 verbis
891 1639 953 1696 et
983 1632 1457 1718 cogitationibus
1491 1634 1796 1698 aestimari
1824 1633 2087 1718 possint,
2122 1633 2466 1718 speciminis
2490 1653 2673 1696 causa

661 1751 992 1817 nonnullos
1037 1753 1202 1816 locos
1248 1775 1615 1838 percurram.
1708 1752 2037 1818 Ordiamur
2084 1751 2158 1816 ab
2204 1752 2401 1817 initio.

749 1869 1030 1956 Epistola
1074 1871 1160 1935 sic
1204 1871 1448 1956 incipit:
1542 1871 1970 1936 Ἐπεστείλατε
2014 1871 2109 1946 μοὶ
2150 1869 2388 1950 νομίζειν
2426 1869 2537 1934 δεῖν
2556 1869 2670 1940 «τὴν

661 1990 906 2054 διανοίαν
967 1991 1120 2067 ὑμῶν
1181 1985 1322 2054 εἶναι
1382 1991 1486 2064 τὴν
1540 1991 1721 2064 αὐτὴν
1784 1985 1847 2065 ἣν
1892 1983 2024 2069 εἶχε
2067 1987 2165 2054 καὶ
2213 1988 2363 2054 Δίων
2379 2037 2396 2069 ,
2457 1988 2555 2051 καὶ
2604 1986 2669 2060 δὴ

659 2106 759 2172 καὶ
819 2115 1088 2172 κοινωνεῖν
1133 2107 1513 2173 διεκελεύεσθε
1558 2132 1653 2187 μοι
1708 2107 1943 2174 καθόσον
1988 2103 2095 2180 οἷος
2134 2107 2190 2172 τ’
2214 2106 2331 2182 εἰμὶ
2376 2106 2522 2186 ἔργῳ
2566 2104 2664 2169 καὶ

657 2225 836 2306 λόγῳ.
928 2227 1085 2303 Ἐγὼ
1131 2226 1189 2290 δὲ
1205 2276 1222 2308 ,
1265 2228 1312 2290 εἰ
1344 2226 1450 2302 μὲν
1481 2225 1652 2304 δόξαν
1681 2225 1779 2292 καὶ
1812 2225 2117 2304 ἐπιθυμίαν
2146 2226 2249 2299 τὴν
2281 2224 2462 2298 αὐτὴν
2492 2222 2669 2302 ἔχετε

658 2344 846 2426 ἐκείνῳ
863 2397 880 2421 ,
942 2343 1223 2427 Ξύμφημι
1279 2345 1622 2420 κοινωνήσειν
1644 2395 1661 2426 ,
1702 2346 1751 2408 εἰ
1798 2344 1856 2408 δὲ
1907 2346 1991 2423 μὴ
2010 2395 2027 2418 ,
2074 2342 2485 2420 βουλεύσεσθαι
2532 2355 2672 2405 πολ-

657 2461 848 2535 λακις.

745 2581 824 2646 In
858 2581 1153 2666 principio
1176 2587 1426 2647 notetur
1451 2601 1897 2666 supervacuum
1920 2580 2051 2644 δεῖν.
2098 2578 2259 2643 Nam
2285 2576 2669 2659 ἐπεστείλατέ
2701 2600 2706 2608 ·
2736 2587 2747 2604 “

653 2725 748 2778 μοι
795 2699 1036 2780 νομίζειν
1081 2701 1383 2784 significat
1419 2701 1737 2782 scripsistis
1780 2700 1924 2764 mihi
1965 2705 2031 2763 ut
2060 2698 2371 2762 emtimem
2410 2698 2535 2760 sive
2553 2691 2678 2778 per*

652 2819 857 2884 biberas
897 2819 1166 2900 jussistis
1223 2841 1310 2882 me
1377 2819 1726 2882 emistimare.
1830 2817 1924 2881 De
1985 2815 2341 2881 huiusmodi
2394 2815 2669 2900 pleonas-

655 2939 768 3001 mis
822 2939 996 3002 infra.
1089 2937 1340 3004 Ultimis
1402 2937 1599 3002 verbis
1644 2937 2061 3016 βουλεύσεσθαι
2109 2933 2395 3008 πολλάκις
2442 2934 2667 3018 signifi-

655 3065 830 3122 catur
887 3059 1316 3138 ὑποκοριστικῶς
1333 3111 1351 3134 ,
1398 3060 1647 3122 abnuere
1661 3107 1681 3136 ,
1728 3079 2008 3122 recusare.
2101 3054 2272 3135 Quid
2318 3060 2521 3118 autem
2566 3053 2667 3116 hic

654 3176 771 3241 sibi
830 3177 966 3241 x'rult
1020 3174 1350 3250 πολλάκιςῗ
1411 3177 1667 3263 Propi-io
1732 3198 1915 3240 sensu
1976 3181 2295 3260 acceptum
2339 3195 2449 3260 pro
2494 3195 2667 3256 saepe

721 3507 768 3566 1)
804 3505 907 3570 Hac
940 3506 992 3556 in
1025 3511 1161 3569 parte
1193 3523 1490 3570 nequaquam
1511 3506 1713 3570 probare
1735 3521 1931 3570 possum
1952 3505 2186 3570 Judicium
2209 3505 2271 3553 Κ.
2296 3505 2373 3553 Fr.
2400 3503 2663 3553 Hermanni

650 3601 700 3649 in
753 3616 953 3649 censura
1002 3601 1186 3650 dissert.
1240 3601 1507 3650 Salomonis
1558 3617 1701 3665 supra
1749 3601 1967 3650 laudatae
1984 3639 1997 3659 ‚
2050 3601 2133 3648 ubi
2184 3601 2297 3648 haec
2337 3599 2482 3648 dicit:
2536 3597 2665 3658 „Un-

650 3711 776 3744 seres
807 3695 1068 3744 Erechtens
1101 3696 1240 3745 komt
1273 3711 1322 3744 es
1355 3697 1489 3745 nicht
1523 3696 1701 3746 sowohl
1738 3696 1909 3744 darauf
1938 3712 1998 3744 an
2033 3694 2515 3759 Abweichungen
2550 3709 2663 3742 von

649 3790 1079 3840 Platonischer
1107 3792 1366 3856 Sprache
1393 3791 1506 3841 und
1541 3793 1949 3856 Ideengange,'
1974 3791 2191 3840 woriiber
2212 3791 2286 3840 die
2308 3789 2665 3852 Entscheidung

648 3885 820 3934 immer
865 3887 973 3935 sehr
1018 3886 1200 3936 schwer
1242 3887 1414 3946 hlaibis,
1459 3888 1526 3936 als
1564 3886 1793 3936 vielmehr
1834 3886 2225 3950 gefliessentliche
2260 3885 2665 3934 Nachahmun-

648 3995 758 4043 gen
815 3980 932 4028 und
991 3981 1485 4031 Reminiscenzen
1533 3980 1655 4030 nach
1700 3997 1759 4030 zu
1798 3981 1997 4040 weisen,
2042 3981 2119 4029 die
2157 3980 2259 4029 sich
2296 3996 2389 4029 von
2424 3979 2578 4028 einem
2612 3994 2665 4026 so

647 4073 838 4122 reichen
872 4075 1032 4123 Geiste
1067 4075 1156 4123 wie
1189 4075 1330 4124 Plato
1364 4076 1501 4124 nicht
1534 4079 1765 4124 erwarten
1802 4075 2003 4125 lassen.’'
2067 4075 2310 4138 (Zeitschr.
2346 4076 2380 4124 f.
2412 4073 2668 4124 Alterthw·

651 4167 794 4221 1837.
844 4185 920 4218 nr.
973 4171 1071 4232 33).
1139 4171 1407 4231 PosteriuS,
1452 4172 1579 4235 quod
1622 4171 1806 4231 laudat,
1852 4171 2055 4222 libenter
2102 4171 2283 4236 accipio
2292 4192 2305 4231 ;
2342 4171 2499 4236 prius,
2537 4171 2661 4234 quod

645 4263 828 4334 rejicit,
863 4267 904 4315 si
939 4282 1104 4317 verum
1139 4270 1287 4327 esset,
1321 4271 1481 4318 actum
1517 4269 1643 4317 foret
1676 4268 1735 4319 de
1770 4272 1875 4318 arte
1908 4267 2090 4318 critica.
