3092 5084
1425 449 1503 511 71.

459 658 681 739 φίλων,
732 657 897 741 quod
928 658 1289 721 conveniens
1323 664 1513 734 esset,
1539 658 1592 719 si
1615 657 1735 720 Dio
1768 622 1982 721 fuisset
2014 664 2200 741 caput
2231 657 2472 721 scholae

460 778 585 839 sive
645 775 907 839 familiae
922 825 941 852 ‚
1004 783 1075 838 ut
1135 776 1499 854 Πυθαγόρειοι
1518 824 1535 857 ,
1586 777 1993 855 Ἡρωκλείτειοι
2013 828 2030 849 ,
2080 776 2464 854 xxxma-&013

460 894 561 957 hic
606 887 848 958 tantum
894 903 986 957 est
1028 894 1393 978 periphrasis
1440 916 1551 978 pro
1592 898 1702 957 τῶν
1750 894 1959 965 Δίωνος
1990 894 2198 974 φίλων.
2246 894 2478 958 Η111118-

462 1012 629 1075 modi
692 1019 783 1075 est
842 1014 871 1074 ὁ
929 1012 1298 1088 Λωβδοέκειος
1356 1020 1533 1089 παῖς,
1583 1011 1864 1097 Sophocl.
1929 1011 2082 1076 Oed.
2131 1012 2202 1075 R.
2254 1015 2403 1078 267.
2451 1014 2477 1076 ὁ

460 1130 787 1211 Ἡράκλειος
812 1107 1190 1210 Ἴούριηιιοιχικε,
1238 1130 1449 1215 Eurip.
1490 1130 1732 1194 Heracl.
1761 1133 1886 1195 457
1897 1180 1910 1193 .
1959 1131 2274 1210 Βερενικείω
2298 1132 2476 1207 θυγα-

458 1253 583 1329 τήρ,
619 1232 866 1314 Theccr.
899 1249 997 1313 Id.
1030 1249 1169 1327 XV,
1210 1252 1352 1313 110.
1401 1249 1606 1315 Verba
1627 1250 1758 1315 οὔτε
1788 1258 1905 1313 τοῖς
1938 1250 2474 1328 δουλώσωσινᾶμει-

458 1392 545 1432 νον
608 1376 827 1432 sonant
886 1369 1065 1431 etiam
1113 1368 1422 1451 poeticum
1436 1395 1455 1445 3
1510 1368 1906 1433 Homericum
1951 1370 2012 1433 οὐ
2058 1370 2176 1448 γὰρ
2221 1367 2490 1445 ἄμεινον(

460 1487 663 1567 Quam
724 1488 881 1552 belle
941 1487 1205 1572 denique
1266 1488 1383 1553 sibi
1427 1497 1834 1572 oppununtur
1876 1487 2016 1551 illa:
2066 1490 2092 1553 ὂ
2140 1489 2246 1566 μὲν
2293 1487 2362 1569 ζῇ
2407 1491 2470 1552 οὐ

458 1612 681 1689 καλῶς,
729 1607 755 1670 ὃ
801 1606 859 1670 δὲ
901 1604 1130 1681 τέθνηκε
1174 1612 1400 1682 namu
1446 1628 1598 1670 num
1643 1612 1847 1670 tamen
1891 1628 2029 1669 vere
2074 1605 2191 1668 hoc
2237 1606 2469 1669 dictum

460 1725 540 1788 sit
601 1724 832 1788 dubito.
920 1723 1007 1787 Ut
1068 1724 1230 1788 enim
1290 1722 1365 1787 110
1424 1724 1719 1806 Dionysio
1782 1722 2151 1787 concedatur
2202 1722 2359 1786 illud
2403 1722 2472 1804 ζῇ

458 1847 521 1909 οὐ
582 1848 775 1914 καλῶς
794 1892 810 1923 ,
874 1841 949 1906 de
1009 1842 1208 1906 Dione
1267 1844 1369 1905 vix
1424 1842 1675 1906 concedi
1720 1848 1922 1926 potest
1965 1842 2192 1917 τέθνηκε
2238 1848 2469 1914 mosaeam

459 1963 568 2046 qui
614 1962 841 2026 scilicet
885 1961 1115 2046 perfida
1159 1961 1339 2025 amici
1381 1984 1601 2039 manu,
1649 1960 2115 2045 inspicientibus
2163 1962 2322 2039 81118,
2372 1984 2475 2025 ne-

451 2080 615 2144 mine
661 2080 990 2144 auxiliante
1006 2128 1025 2157 ,
1074 2080 1139 2143 in
1184 2078 1469 2143 cubiculo
1516 2078 1918 2143 obtruncatus
1967 2089 2112 2143 erat.
2207 2078 2467 2145 Etiamsi

447 2202 617 2286 justa
658 2199 881 2264 faciens
926 2205 1207 2264 mortuus
1255 2199 1334 2261 sit
1347 2246 1365 2275 ,
1414 2219 1538 2262 non
1571 2204 1777 2261 tamen
1807 2198 2036 2272 τέθνηκε
2064 2203 2291 2274 κωλῶςς
2339 2198 2475 2262 rhe-

457 2317 718 2381 toricum
764 2316 880 2380 1100
924 2317 1117 2400 magis
1148 2338 1331 2401 quam
1362 2336 1590 2379 verum.
1640 2313 1841 2380 Verba
1869 2317 1974 2390 τὴν
2006 2316 2188 2388 αὐτὴν
2217 2314 2472 2394 ξυμβου-

455 2438 561 2510 λὴν
620 2435 719 2533 aa}
780 2434 953 2511 λόγον
1012 2434 1109 2499 τὸν
1169 2434 1344 2499 αὐτὸν
1404 2440 1551 2498 sunt
1595 2432 1802 2497 inania
1847 2456 2204 2518 synonyma:
2253 2434 2472 2499 referta

456 2561 548 2617 est
602 2554 795 2617 oratio
857 2553 1209 2617 huiusmodi
1256 2553 1604 2638 synonymis
1621 2602 1639 2631 ‚
1685 2552 1922 2636 quibus
1969 2552 2224 2617 fortasse
2275 2553 2472 2617 Plato-

453 2674 653 2767 nicam
699 2672 988 2737 orationis
1034 2672 1266 2756 copiam
1313 2677 1738 2754 assecuturum
1793 2694 1857 2735 80
1901 2672 2160 2757 putavit.
2237 2671 2472 2737 Similia

456 2800 599 2855 sunt
644 2814 801 2875 quae
846 2814 987 2855 mox
1032 2798 1399 2874 sequuntur:
1448 2791 1662 2870 σμικραὶ
1708 2791 1806 2854 καὶ
1853 2787 2192 2873 ἀνελεύθεροι
2207 2842 2226 2865 ‚
2251 2796 2361 2853 τῶν
2393 2792 2470 2861 εἷς

452 2908 548 2973 τὸν
602 2909 808 2974 ἔπειτα
852 2912 949 2974 xx)
996 2912 1074 2979 εἷς
1119 2909 1215 2973 τὸν
1261 2908 1521 2987 πάροντω
1566 2908 1752 2987 κωιρὸν
1790 2914 1902 2971 cet.
1954 2914 2022 2970 et
2055 2908 2206 2971 θείων
2256 2932 2323 2972 τε
2368 2907 2468 2972 ux>

453 3028 821 3107 ἀνθρωπίνων.
914 3027 990 3091 Ι11
1053 3027 1249 3092 verbis
1310 3027 1494 3106 τρίτον
1551 3026 1755 3106 τρίτοις
1772 3074 1790 3108 ‚
1838 3024 1996 3089 illud
2041 3026 2224 3106 τρίτον
2271 3027 2469 3090 80111111

457 3147 909 3233 paronomasiae
970 3168 1151 3210 causa
1212 3144 1523 3223 additum3
1600 3145 1756 3209 nihil
1817 3145 2078 3229 amplius
2149 3145 2297 3209 dicit
2349 3146 2470 3210 nisi

457 3265 622 3349 quod
684 3271 895 3349 postea
952 3264 1209 3349 legitur:
1272 3269 1472 3329 ταῦτα
1532 3269 1749 3343 πρῶτον
1801 3264 1908 3341 μὲν
1935 3315 1948 3329 .
1979 3315 1992 3329 .
2023 3314 2037 3328 .
2085 3264 2336 3344 δεύτερον
2362 3315 2376 3330 .
2405 3313 2419 3327 .
2450 3314 2464 3329 .

454 3384 670 3464 τρίτους
733 3383 791 3445 δὲ
852 3383 1007 3460 ὑμᾶς
1066 3388 1160 3447 νῦν
1178 3432 1191 3445 .
1238 3388 1453 3462 ψυχῶν
1497 3383 1596 3457 ἤθη
1627 3381 1738 3468 {est
1781 3382 2146 3469 periphrasis
2195 3382 2469 3465 quaesita

454 3524 564 3587 pro
609 3501 847 3581 ψυχαί,
896 3507 969 3564 ut
1014 3524 1073 3585 p.
1122 3502 1249 3563 328
1298 3499 1387 3564 B:
1436 3500 1502 3566 τὸ
1551 3500 1759 3571 Δίωνος
1791 3495 1914 3573 ἦθος
1945 3508 2049 3574 τῆς
2080 3506 2286 3579 ψυχῆς
2317 3500 2466 3580 πέρι.

460 3618 579 3682 Sed
622 3619 799 3705 venio
862 3617 939 3682 ad
983 3618 1177 3682 illud:
1227 3618 1331 3683 καί
1371 3642 1466 3695 μοι
1514 3618 1770 3684 πείθεσθε
1816 3618 1950 3690 Διὸς
1996 3618 2184 3695 τρίτον
2229 3626 2472 3699 σωτῆρος

460 3737 653 3818 χάριν.
757 3733 900 3800 Ter·
953 3745 1291 3822 quaterque
1363 3737 1521 3800 illud
1588 3738 1915 3821 repetitum
1982 3738 2165 3817 τρίτος
2231 3738 2295 3801 111
2364 3737 2476 3801 hac

460 3856 759 3920 sententia
820 3855 1051 3939 puerile
1112 3855 1445 3939 elegantiae
1500 3855 1846 3940 aucupium
1887 3855 2136 3919 redolet.
2230 3855 2476 3939 Spectat

456 3982 661 4039 autem
718 3975 795 4038 ad
848 3975 1232 4060 proverbium
1276 3997 1403 4039 non
1448 3974 1634 4040 semel
1679 3997 1715 4037 a
1759 3974 2018 4039 Platone
2062 3983 2432 4063 usurpatum
2449 4024 2467 4051 ,

456 4096 521 4159 τὸ
587 4082 771 4176 τρίτον
836 4098 918 4177 τῷ
987 4102 1244 4174 Σωτῆρι,
1317 4094 1483 4179 quod
1553 4094 1778 4160 dicitur
1791 4144 1812 4173 ,
1882 4102 1954 4159 ut
2015 4095 2102 4159 ait
2147 4093 2470 4160 scholiasta

457 4214 534 4279 ad
601 4214 908 4279 Charmid.
978 4238 1037 4300 p.
1116 4216 1233 4281 167
1308 4217 1398 4293 A,
1468 4214 1565 4279 ἐπὶ
1633 4221 1743 4279 τῶν
1803 4213 2034 4286 τελείως
2085 4238 2142 4279 τι
2185 4213 2473 4295 πρωπόν-
