3092 5084
1587 484 1709 549 122

631 699 992 758 damnarunt.
1028 696 1070 777 ¹)
1120 697 1203 757 At
1235 695 1484 777 quinam
1524 702 1670 758 sunt
1702 696 1808 777 qui
1841 694 2149 757 Socratem
2173 659 2662 757 damnaverunt?

635 816 734 876 An
783 814 1057 875 homines
1104 812 1373 889 nobileS,
1425 813 1748 897 potentes?
1819 812 1952 875 I‘mo
2007 812 2282 875 Socrates
2332 812 2658 875 damnatus

634 939 726 993 est
786 930 861 993 ab
908 930 1232 1008 HeliastiS‚
1282 930 1343 993 h.
1394 953 1444 993 e.
1501 930 1738 1015 judicio
1800 930 2050 1015 populi,
2101 954 2136 993 a
2183 930 2435 993 consilio
2483 930 2658 1012 quin-

632 1056 950 1131 gentorum
998 1049 1120 1111 fere
1160 1048 1474 1133 judicum,
1526 1049 1633 1131 qui
1680 1056 1839 1111 sorte
1887 1072 1919 1111 e
1966 1072 2068 1111 sex
2101 1049 2365 1111 millium
2400 1070 2655 1111 numero

632 1167 1045 1250 capiebantur,
1139 1165 1309 1230 Num
1375 1168 1438 1229 hi
1500 1167 1620 1230 dici
1678 1175 1936 1251 possunt
1980 1166 2416 1237 δυναστεύοντές
2463 1164 2656 1235 τινεςΡ

632 1284 918 1347 Crederes
944 1285 1065 1349 fere
1090 1286 1443 1371 scriptorem
1467 1294 1746 1350 nostrum
1771 1294 2016 1371 putasse
2040 1286 2347 1349 Socratem
2375 1285 2450 1349 ab
2472 1286 2654 1349 Areo-

634 1406 771 1488 pagi
826 1404 1059 1489 judicio
1115 1406 1470 1470 damnatum
1518 1430 1647 1470 esse
1669 1457 1686 1484 ,
1738 1430 1920 1490 penes
1967 1406 2132 1489 quod
2179 1405 2448 1469 tribunal
2499 1405 2652 1467 anti-

630 1524 841 1607 quitus
902 1525 1102 1588 fuerat
1157 1524 1461 1609 judicium
1519 1526 1803 1603 ,ἀσεβείαις
1852 1526 2103 1609 (MeurS.
2155 1528 2374 1609 Areop.
2426 1523 2494 1586 G.
2547 1527 2609 1607 9)
2627 1550 2646 1601 3

630 1642 797 1725 quod
843 1650 1047 1706 tamen
1092 1644 1315 1707 falsum
1363 1668 1493 1707 esse
1533 1646 1663 1729 jam
1709 1645 1945 1729 pridem
2008 1643 2286 1728 probavit
2333 1640 2540 1705 'Fi-eret
2586 1642 2650 1705 in

630 1759 773 1822 diss
830 1760 995 1825 laud.
1058 1785 1117 1845 p.
1176 1764 1334 1839 264,
1393 1768 1453 1825 et
1499 1763 1873 1827 affirmarunt
1917 1762 2111 1855 Meier
2157 1769 2218 1825 et
2263 1761 2607 1825 Schemann
2628 1812 2647 1838 ,

629 1879 758 1944 Att.
807 1879 981 1943 Proc.
1030 1902 1089 1964 p.
1141 1882 1305 1959 305,
1356 1888 1483 1944 not.
1534 1883 1638 1945 37.
2081 1864 2086 1869 .

1564 2118 1714 2201 §2-

682 2350 776 2413 De
794 2328 1078 2426 ,Plat'onis
1107 2353 1393 2415 sententia
1409 2353 1661 2434 politica
1693 2358 1749 2416 et
1779 2356 1848 2415 de
1877 2376 2057 2415 causa
2075 2352 2589 2435 pereqrinatiom‘s·

718 2585 1201 2650 Commemorato
1248 2586 1433 2650 XXX
1483 2588 1748 2651 virorum
1796 2588 2115 2651 dominatu
2161 2595 2223 2653 et
2267 2588 2495 2672 injusta
2541 2587 2646 2649 So-

627 2705 803 2768 cratis
872 2704 1295 2784 damnatione,
1365 2707 1624 2790 scriptor
1693 2707 1954 2791 explicat
2022 2706 2296 2770 Platonis
2346 2706 2420 2769 de
2467 2728 2642 2789 repu-

625 2824 784 2886 blica
828 2824 1195 2907 capessenda
1239 2800 1603 2888 sententiam
1651 2833 1710 2887 et
1766 2833 2077 2909 susceptae
2140 2825 2638 2909 peregrinationis

627 2964 891 3005 causam.
984 2942 1200 3020 „Haec
1263 2965 1454 3027 quum
1516 2943 1992 3020 considerarem,
2057 2944 2238 3021 dicit,
2305 2941 2414 3023 ὅσῳ
2482 2946 2640 3019 μᾶλ-

625 3076 723 3124 λον
783 3060 1107 3126 διεσκόπουν
1168 3063 1393 3137 ἡλικίαις
1464 3066 1519 3127 τ’
1555 3065 1633 3134 εἰς
1699 3063 1765 3127 τὸ
1833 3064 2037 3140 πρόσθε
2104 3062 2444 3143 προῦβαινον
2461 3110 2479 3139 ,
2549 3085 2641 3126 το-

625 3180 808 3259 σούτῳ
865 3182 1277 3260 χαλεπώτερον
1338 3181 1609 3264 ἐφαίνετο
1668 3184 1829 3263 ὀρθῶς
1889 3178 2036 3247 εἶναι’
2093 3206 2188 3259 μοι
2232 3184 2314 3246 τοὶ
2361 3182 2638 3275 πολιτικοὶ

615 3297 851 3365 διοικεῖν.
924 3298 1212 3383 Corrupti
1259 3301 1552 3364 nimirum
1599 3307 1771 3363 erant
1816 3322 2010 3364 mores
2058 3300 2280 3363 civium
2328 3307 2390 3363 et
2434 3300 2635 3383 leges:

613 3415 696 3481 τοὶ
754 3441 823 3481 τε
882 3424 991 3481 τῶν
1052 3417 1252 3495 νόμων·
1293 3419 1639 3499 γράμματα
1697 3421 1796 3483 καὶ
1858 3420 1949 3494 ἔθη
1995 3420 2370 3499 διεφθείρετοτ
2437 3418 2635 3482 dicere

523 3574 531 3583 ·
616 3534 852 3600 voluit:
943 3537 992 3599 οἱ
1076 3536 1229 3614 νόμοι
1317 3537 1415 3601 καὶ
1483 3538 1566 3603 τοὶ
1635 3538 1748 3611 ἔθη.
1783 3538 1830 3622 ²)
1922 3536 2239 3621 Denique,
2297 3534 2494 3615 dicit,
2567 3538 2633 3600 in

687 3794 735 3854 1)
768 3793 864 3842 Pro
898 3799 1113 3859 εἰσάγειν,
1148 3796 1273 3859 quod
1308 3798 1380 3843 est
1414 3794 1612 3845 verbum
1647 3795 1908 3853 usitatum„
1943 3795 2086 3859 paulo
2120 3798 2230 3844 ante
2264 3795 2408 3843 habet
2441 3800 2640 3859 εἰσάγειν

545 3954 549 3959 .
619 3893 683 3947 εἰς
704 3891 1014 3959 δικαστήριονς
1050 3890 1177 3939 idem
1214 3890 1423 3939 occurrit
1456 3891 1507 3939 in
1542 3890 1682 3954 Apol.
1721 3906 1769 3953 p.
1793 3891 1854 3939 29
1891 3892 1962 3939 A:
1997 3888 2095 3943 τότ’
2115 3897 2172 3942 ἄν
2202 3912 2267 3957 με
2299 3891 2483 3949 δικαίως
2506 3895 2637 3942 εἰσά-

616 4004 685 4050 γοι
728 4004 798 4042 τις
830 3989 893 4041 εἰς
921 3986 1230 4055 δικαστήριον.
1298 3985 1524 4049 Hirschig
1559 3986 1624 4033 ibi
1659 3985 1836 4035 delevit
1869 3991 1932 4045 εἰς
1966 3988 2250 4056 δικαστήριον
2283 3990 2337 4035 ut
2371 3987 2634 4045 emblema,

616 4079 860 4143 probabile
894 4084 1051 4129 tamen
1089 4080 1213 4130 idem
1240 4080 1342 4143 jam
1377 4080 1816 4144 epistolographum
1852 4081 1901 4128 in
1937 4080 2154 4129 Platonis
2188 4080 2312 4129 libro
2348 4080 2532 4145 legisse.

684 4175 729 4236 2)
767 4176 891 4225 Mira
940 4176 1109 4235 dicti03
1160 4184 1303 4242 νόμων
1354 4181 1431 4235 ἔθη
1480 4176 1573 4226 dici
1623 4180 1820 4241 possent
1852 4192 2001 4225 mores
2033 4176 2209 4241 legibus
2243 4176 2487 4225 constituti
2531 4178 2630 4225 sive

617 4271 817 4334 recepti,
853 4271 931 4320 sed
970 4271 1195 4337 distingui
1230 4279 1375 4339 νόμων
1408 4278 1487 4332 ἔθη
1520 4277 1566 4321 et
1601 4281 1744 4339 νόμων
1774 4279 2042 4343 γράμματα
2072 4272 2290 4336 ineptum
2314 4280 2452 4336 puto,
2497 4274 2632 4337 quasi
