3092 5084
1579 512 1698 571 104

619 720 899 796 initium,
947 719 1033 781 ita
1082 740 1430 801 praegressa
1476 716 1650 800 (VII)
1692 717 1928 801 justum
1963 716 2145 780 habet
2168 718 2347 781 finem
2373 726 2432 781 et
2455 718 2648 782 absol-

618 837 783 901 vitur
843 836 1073 900 verbis:
1151 835 1255 899 Τοὶ
1306 835 1372 910 δὴ
1418 836 1580 912 μετὰ
1625 836 1705 900 τοὶ
1753 840 1848 899 νῦν
1893 834 2128 915 ῥηθέντα
2171 831 2214 899 ἃ
2261 833 2640 913 ξυμβουλεύω

622 956 831 1037 σχεδὸν
874 954 1094 1034 εἴρηταί
1136 954 1202 1019 τέ
1248 978 1342 1032 μοι
1388 954 1486 1018 καὶ
1531 954 1759 1034 εἰρήσθω
1789 1004 1802 1019 .
1833 1004 1847 1017 .
1877 1004 1891 1019 .
1922 1002 1936 1017 .
1984 956 2033 1017 εἰ
2079 953 2127 1017 δ’
2150 954 2266 1035 ἄρα
2313 954 2420 1018 τινὶ
2443 956 2525 1019 τὰ
2550 960 2646 1019 νῦν

618 1074 851 1155 ῥηθέντος
896 1072 1260 1153 εὐλογώτερα
1304 1069 1493 1153 ἐφάνη
1539 1071 1638 1135 καὶ
1687 1072 2003 1153 προφάσεις
2049 1072 2182 1151 πρὸς
2227 1072 2307 1138 τὰ
2353 1071 2639 1149 γενομένω

620 1192 823 1264 ἱκανὰς
856 1191 1014 1272 ἔχειν
1046 1188 1199 1265 ἔδοξέ
1230 1215 1345 1271 τῳ,
1387 1190 1630 1270 μετρίως
1668 1187 1739 1253 ὢν
1775 1191 1911 1263 ἡμῖν
1949 1189 2048 1253 καὶ
2084 1190 2288 1261 ἱκανῶς
2320 1188 2404 1265 εἴη
2439 1190 2520 1255 τοὶ
2548 1196 2644 1255 νῦν

616 1311 899 1391 εἰρημένω.
995 1309 1181 1388 Quod
1230 1315 1434 1373 autem
1479 1307 1557 1371 ad
1607 1308 1970 1393 promissum
2017 1308 2340 1373 consilium
2387 1309 2640 1386 attinet,

616 1430 677 1493 id
725 1428 978 1513 perfecit
1025 1435 1085 1491 et
1126 1427 1473 1491 terminavit
1510 1426 1606 1490 his
1645 1425 1838 1493 verbis
1883 1428 1964 1510 (p.
2017 1428 2140 1491 337
2185 1425 2289 1510 Ε);
2332 1425 2640 1505 ξυμβουλὴ

616 1548 722 1624 μὲν
766 1546 833 1620 δὴ
870 1546 970 1610 καὶ
1004 1546 1279 1619 ἐπιστολὴ
1311 1546 1558 1625 εἰρήσθω.
1607 1542 1724 1607 Sed
1773 1544 2095 1627 utriusque
2137 1544 2430 1630 epistolae
2476 1545 2642 1609 diffe-

620 1664 817 1728 rentia
878 1663 1097 1727 clarius
1161 1662 1346 1727 etiam
1406 1684 1480 1727 ex
1540 1663 1656 1726 hoc
1705 1670 1984 1748 apparet,
2049 1662 2212 1745 quod
2258 1684 2382 1727 non
2430 1662 2641 1728 eodem

620 1790 890 1868 tempore
952 1782 1207 1866 scriptae
1266 1781 1584 1865 finguntur
1644 1804 1754 1845 nec
1813 1781 1879 1844 in
1941 1781 2153 1845 eodem
2203 1804 2406 1845 rerum
2451 1788 2637 1846 statu.

621 1901 697 1966 In
744 1901 1023 1986 Epistola
1067 1899 1196 1963 VII
1241 1900 1493 1963 consilia
1524 1898 1630 1963 dat
1661 1899 1878 1963 Dionis
1913 1900 2313 1965 familiaribus
2345 1907 2638 1985 tanquam

623 2019 987 2097 victoribus,
1038 2018 1262 2103 quibus
1307 2017 1522 2083 suadet
1570 2026 1639 2082 ut
1684 2018 1989 2083 moderate
2037 2042 2179 2103 erga
2223 2020 2413 2084 victos
2460 2043 2524 2084 se
2548 2043 2645 2105 ge-

621 2145 759 2203 rant
806 2145 867 2202 et
912 2144 1072 2201 recte
1118 2136 1558 2221 rempublicam
1597 2120 1882 2201 ordinent
1913 2138 1996 2222 (p.
2032 2140 2159 2201 336
2193 2137 2246 2201 E
2268 2177 2358 2187 -—
2383 2140 2508 2204 337
2539 2137 2610 2224 C)
2625 2164 2652 2229 3·

621 2258 685 2321 in
754 2255 943 2319 V1H⁸
1008 2255 1285 2339 utrisque
1352 2255 1628 2339 partibus
1695 2255 1880 2341 longa
1949 2257 2339 2321 contentione
2405 2257 2648 2321 lassatis

620 2375 913 2440 suadetur
959 2380 1029 2438 ut
1072 2397 1180 2459 per
1225 2374 1732 2459 compositionem
1777 2374 1958 2439 finem
2005 2374 2233 2439 fac-iant
2275 2374 2421 2438 belli
2453 2375 2646 2439 civilis

513 2514 517 2519 ·
624 2501 685 2558 et
746 2492 1057 2557 communi
1116 2514 1229 2588 ope
1290 2492 1728 2577 rempublicam
1789 2493 2166 2557 constituant
2226 2495 2306 2579 (p.
2366 2496 2491 2557 355
2541 2495 2644 2579 D).

623 2610 845 2695 Itaque
888 2610 1037 2674 haec
1084 2610 1341 2695 epistola
1386 2611 1499 2675 etsi
1536 2611 1764 2697 scripta
1795 2611 1873 2675 ad
1903 2611 2121 2675 Dionis
2155 2612 2377 2676 amicos
2395 2663 2414 2689 ,
2463 2612 2646 2676 desti-

624 2736 770 2792 nata
810 2736 1013 2792 tamen
1053 2736 1143 2791 est
1183 2736 1256 2792 ut
1290 2729 1473 2793 etiam
1505 2730 1581 2794 ab
1614 2729 1832 2794 horum
1863 2729 2217 2794 adversariis
2249 2738 2310 2795 et
2342 2753 2378 2793 a
2409 2731 2644 2794 cunctis

626 2847 859 2912 civibus
904 2847 1239 2932 legeretur,
1288 2847 1455 2931 quod
1500 2848 1705 2933 ipsum
1749 2848 1997 2913 initium
2036 2849 2389 2933 profitetur:
2429 2849 2644 2930 ἐλπίζω

626 2966 673 3029 δ’
695 2967 811 3045 οὐχ
872 2966 1003 3039 ὑμῖν
1048 2964 1235 3040 μόνοις
1279 2962 1733 3044 ξυμβουλεύσειν
1779 2967 1859 3031 τὰ
1908 2965 2281 3050 ξυμφέρονται
2302 3018 2320 3042 ,
2368 2965 2642 3044 μάλιστά

626 3107 702 3160 γε
762 3084 877 3161 μὴν
922 3085 1055 3161 ὑμῖν
1071 3133 1091 3167 ,
1139 3082 1237 3147 noc)
1284 3082 1552 3165 δευτέροις
1599 3088 1745 3149 πᾶσι
1790 3093 1908 3157 τοῖς
1954 3088 2011 3150 ἐν
2057 3087 2449 3167 Συρακούσαις
2466 3137 2485 3170 ,
2531 3087 2645 3169 τρί-

624 3224 740 3273 τοις
788 3202 847 3265 δὲ
896 3202 1050 3280 ὑμῶν
1095 3202 1193 3268 καὶ
1239 3208 1358 3274 τοῖς
1404 3204 1626 3283 ἐχθροῖς
1673 3202 1772 3268 naci
1819 3204 1981 3289 (τοῖς)
2028 3204 2340 3283 πολεμίοις.

714 3320 878 3404 Ergo
924 3326 1171 3405 apparet
1214 3320 1399 3384 huius
1444 3321 1734 3405 epistolae
1761 3322 1921 3388 idem
1955 3346 2080 3387 esse
2117 3330 2539 3408 argumentum
2574 3347 2642 3388 ac

626 3438 984 3522 superioriS,
1032 3438 1138 3502 sed
1184 3437 1304 3502 alio
1351 3438 1531 3503 modo
1577 3446 1905 3505 tractatum
1938 3448 1998 3505 et
2029 3441 2343 3525 aliquanto
2374 3441 2636 3527 plenius·

626 3559 853 3643 Aperte
922 3557 1038 3621 hoc
1104 3556 1379 3621 indicant
1445 3557 1580 3642 ipsa
1648 3559 1938 3644 epistolae
2010 3559 2221 3638 verba,
2279 3560 2504 3644 quibus
2562 3562 2638 3626 ad

629 3678 889 3762 priorem
936 3676 1253 3762 epistolam
1301 3678 1556 3742 lectores
1603 3678 1777 3761 quasi
1820 3680 2102 3758 remittit,
2151 3704 2211 3765 p.
2261 3664 2402 3745 356'
2422 3682 2506 3758 B,
2550 3681 2633 3746 G:

626 3796 1076 3899 ξωτοοστήσοισθε
1137 3795 1326 3877 τρόπῳ
1382 3794 1489 3860 τινὶ
1535 3795 1727 3877 τοιῷδε
1743 3847 1760 3869 ‚
1809 3794 1868 3869 ὃς
1913 3798 2128 3879 εἴρηται
2173 3800 2280 3877 μὲν
2324 3800 2442 3865 καὶ
2489 3802 2639 3881 πρό-

626 3937 818 3999 τερον
878 3914 1035 3991 ὑμῖν,
1096 3911 1249 3992 ὅμως
1292 3914 1343 3979 δ’
1384 3914 1467 3980 ἔτι
1514 3916 1613 3980 καὶ
1663 3920 1756 3982 νῦν
1800 3918 2078 3983 ἀκούετε.
2129 3926 2190 3983 et
2236 3919 2420 4005 paulo
2466 3928 2633 4005 post:

625 4030 721 4096 ἐπὶ
766 4032 984 4104 τούτοις
1029 4038 1303 4107 καλεῖτε,
1350 4030 1535 4113 ὥσπερ
1576 4034 1694 4098 καὶ
1744 4034 2071 4117 πρότερον
2116 4039 2334 4119 ἐρῤήθη,
2367 4035 2639 4117 πρέσβεις

624 4146 715 4222 οὓς
776 4148 848 4214 ἂν
907 4151 1212 4226 ἐθελήσωσι
1268 4152 1367 4217 κτέ
1386 4202 1402 4218 .
1451 4175 1607 4238 quae
1655 4153 1816 4249 dicta
1861 4156 2195 4239 respiciunt
2241 4157 2318 4220 ad
2365 4180 2436 4221 ea
2480 4180 2636 4242 quae

623 4268 915 4355 leguntur
978 4268 1170 4355 Epist.
1226 4268 1389 4351 VH,
1451 4296 1510 4360 p.
1578 4276 1701 4340 337
1763 4274 1848 4339 B:
1913 4276 2042 4348 τοὺς
2103 4276 2169 4351 δὴ
2227 4278 2634 4359 κρατήσαντας
