3092 5084
1626 484 1748 545 142

676 691 781 755 alii
825 690 1075 775 quidam
1119 689 1284 753 docti
1311 688 1405 753 ‘ad
1436 688 1802 775 Dionysium
1833 689 2066 754 venisse
2095 690 2412 771 dicuntur,
2446 699 2518 755 ut
2547 691 2681 755 Pla-

675 810 837 874 tonis
906 808 1354 894 philosophiam
1422 830 1495 871 ex
1565 793 1635 871 eo
1703 817 2168 893 cognoscerent,
2244 832 2437 893 quum
2473 810 2680 874 -Plato

673 929 804 1013 ipse
827 929 954 1013 jam
984 934 1161 991 antea
1188 924 1519 991 'Parentum
1551 926 1852 1010 profectus
1883 948 2024 992 cum
2053 928 2324 1013 Archyta
2345 928 2679 1013 hospitium

674 1048 910 1111 iniisset
981 1048 1064 1131 (p.
1129 1049 1257 1110 338
1322 1044 1413 1129 G).
1476 1044 1741 1115 Videtur
1785 1045 1901 1109 hoc
1947 1068 2080 1111 esse
2139 1054 2547 1127 commentum
2603 1046 2680 1109 ad

676 1165 1025 1228 Platonicae
1072 1164 1403 1247 sapientiae
1448 1162 1910 1241 admirationem
1957 1163 2295 1249 augendam
2340 1166 2676 1228 inventum.

762 1282 948 1363 Quod
996 1282 1072 1345 ad
1118 1280 1503 1345 Heraclidem
1535 1282 1786 1359 attinet,
1820 1305 1893 1345 ex
1924 1282 2228 1347 historicis
2245 1334 2262 1363 ,
2299 1282 2367 1346 G.
2402 1282 2642 1367 Nepote
2658 1332 2678 1361 ,

674 1401 981 1479 Diodoro,
1043 1401 1375 1465 Plutarcho
1438 1400 1575 1485 (loc.
1637 1400 1804 1465 laud.
1868 1424 1926 1486 p.
1982 1405 2102 1466 140
2150 1406 2338 1487 not.),
2401 1402 2680 1466 novimus

674 1542 814 1583 eum
860 1520 1137 1603 Dionysii
1180 1520 1459 1603 equitum
1493 1520 1863 1604 praefectum
1903 1520 2087 1584 fuisse
2133 1529 2194 1583 et
2234 1521 2309 1585 ab
2342 1521 2456 1585 hoc
2487 1521 2682 1605 patria

673 1640 921 1724 pulsum
968 1638 1332 1703 Corinthum
1382 1639 1737 1725 perfugisse.
1807 1638 1950 1719 Quo
1995 1646 2267 1724 tempore
2297 1647 2357 1703 et
2387 1662 2568 1723 quam
2602 1638 2679 1702 ob

674 1780 917 1822 causam
972 1758 1315 1841 aufugerit,
1364 1780 1437 1821 ex
1484 1757 1738 1841 epistola
1786 1758 2096 1822 discimus,
2189 1758 2407 1842 Neque
2453 1759 2680 1822 crimen

672 1875 841 1960 quod
906 1878 962 1940 ei
1029 1877 1370 1961 imputatur
1436 1876 1834 1961 improbabile
1887 1886 1996 1940 est.
2089 1876 2234 1940 Fuit
2289 1878 2447 1942 enim
2493 1876 2682 1940 Hera-

671 1995 857 2058 clides
904 1995 1085 2058 homo
1132 2003 1418 2059 strenuus
1436 2044 1455 2072 ,
1503 1995 1609 2058 sed
1655 1996 1966 2079 inquietus
2013 2004 2074 2059 et
2119 1995 2473 2059 ambitiosus
2491 2046 2507 2073 ,
2557 2018 2679 2058 non

671 2114 860 2195 magis
924 2113 1123 2175 socius
1172 2112 1387 2176 Dionis
1449 2136 1632 2197 quam
1682 2114 1989 2191 aemulus;
2039 2108 2146 2198 qui
2191 2122 2514 2198 postquam
2560 2113 2681 2177 Dio

672 2230 901 2293 bellum
948 2230 1234 2295 adversus
1280 2232 1644 2315 Dionysium
1692 2254 1900 2315 parare
1942 2233 2175 2318 coepit,
2224 2232 2298 2295 ab
2347 2254 2416 2295 eo
2463 2230 2684 2295 defecit

632 2349 640 2358 '
671 2356 729 2411 et
778 2349 960 2433 paulo
1006 2356 1145 2433 post
1190 2370 1301 2412 suo
1346 2349 1546 2413 Marte
1563 2400 1580 2427 ,
1629 2350 1956 2426 ἰδιόστολος,
2005 2357 2078 2413 ut
2121 2348 2270 2412 dicit
2313 2348 2682 2413 Plutarchus

671 2488 721 2538 c.
816 2469 898 2529 32
917 2516 935 2543 ,
1009 2467 1150 2530 navi
1210 2466 1533 2553 Syracusas
1597 2467 1900 2551 profectus
1961 2474 2070 2531 est.
2177 2465 2277 2530 Ibi
2347 2489 2470 2529 una
2537 2488 2679 2529 cum

669 2584 981 2648 Theodote
1052 2584 1237 2647 Dioni
1304 2584 1664 2649 obtrectavit
1733 2597 1794 2649 et
1861 2584 1936 2649 de
1997 2585 2342 2670 principatu
2404 2607 2545 2647 cum
2607 2606 2678 2647 eo

668 2704 919 2767 certavit
934 2754 951 2781 ,
1024 2702 1413 2787 quamobrem
1482 2712 1786 2787 postremo
1847 2704 2032 2788 hujus
2086 2706 2263 2788 jussu
2324 2702 2679 2766 interfectus

668 2830 762 2885 est
805 2824 879 2905 (c.
932 2824 1057 2906 53).

756 2940 851 3002 De
898 2947 1163 3003 extremo
1208 2948 1477 3024 tempore
1524 2964 1560 3003 a
1603 2938 1858 3003 Platone
1903 2939 2214 3024 Syracusis
2259 2947 2392 3003 acto
2424 2940 2502 3028 'in
2535 2938 2678 3024 Epi-

668 3059 822 3122 stola
852 3058 981 3122 VII
1026 3058 1321 3142 legimuS,
1372 3066 1511 3145 post
1548 3060 1821 3143 jurgium
1870 3058 1946 3122 de
1991 3058 2314 3123 Heraclide
2353 3058 2672 3122 Platonem

667 3198 739 3239 ex
780 3198 912 3239 arce
950 3177 1238 3240 emissum
1280 3200 1409 3273 esse
1450 3185 1512 3240 et
1559 3177 1632 3241 ab
1674 3177 1788 3240 hoc
1832 3176 1974 3241 inde
2028 3184 2298 3261 tempore
2344 3178 2398 3240 ei
2431 3176 2672 3240 nullum

664 3296 783 3358 nisi
834 3317 942 3378 per
987 3296 1243 3359 nuncios
1289 3318 1430 3359 cum
1477 3269 1771 3379 Dionysio
1818 3296 2004 3359 fuisse
2050 3296 2494 3359 commercium.
2589 3297 2676 3358 At

663 3414 727 3475 in
774 3412 1052 3497 Epistola
1095 3412 1200 3476 III
1229 3413 1455 3497 legitur
1483 3413 1942 3477 narratiuncula
1972 3413 2047 3476 de
2079 3412 2268 3476 altero
2293 3414 2498 3498 jurgio
2531 3421 2670 3497 post

663 3530 817 3593 illud
878 3538 1119 3615 tempus
1163 3531 1323 3595 inter
1367 3531 1575 3595 ambos
1621 3539 1787 3609 ort0,
1830 3531 2246 3616 praesentibus
2291 3531 2671 3595 Archedemo

666 3656 727 3711 et
794 3650 1155 3712 Aristocrito
1176 3698 1191 3724 ,
1238 3652 1297 3713 ἐν
1340 3652 1420 3729 τῷ
1465 3651 1664 3731 κήπῳ,
1712 3649 1772 3712 h.
1823 3672 1873 3713 e.
1922 3650 1987 3712 in
2033 3648 2211 3712 horto
2268 3648 2502 3732 regiae,
2559 3648 2670 3713 ubi

664 3774 841 3829 antea
885 3767 1156 3831 habitare
1202 3776 1555 3845 consuerat,
1605 3774 1666 3831 et
1713 3768 1957 3851 quidem
2003 3768 2221 3853 viginti
2266 3768 2387 3830 fere
2421 3766 2666 3845 diebuS‚

663 3892 734 3947 ut
792 3882 976 3961 dicit,
1041 3892 1179 3948 ante
1225 3885 1498 3948 Platonis
1548 3883 1875 3950 discessum
1923 3887 2004 3969 (p.
2055 3888 2180 3948 319
2232 3886 2332 3969 A).
2425 3884 2665 3964 Quodsi

661 4009 1013 4092 reputamus
1068 4024 1222 4085 quae
1266 4003 1429 4065 intra
1479 4010 1720 4087 tempus
1767 4025 1802 4065 a
1855 4002 2127 4065 Platonis
2181 4002 2548 4086 relegatione
2595 4025 2668 4066 ex

662 4120 925 4204 acropoli
970 4142 1163 4203 usque
1210 4120 1285 4184 ad
1330 4119 1664 4183 discessum
1711 4142 1742 4183 e
1787 4119 1992 4183 Sicilia
2022 4128 2156 4183 acta
2187 4143 2314 4183 esse
2345 4096 2702 4184 narrantur⁴

660 4238 725 4301 in
773 4238 967 4323 Epist.
1017 4238 1178 4317 VII,
1221 4263 1281 4324 p.
1329 4242 1455 4303 350
1492 4242 1548 4301 A
1580 4239 1662 4317 B,
1703 4239 2053 4318 fatendum,
2081 4240 2329 4324 opinor,
2355 4262 2424 4303 ea
2448 4240 2666 4323 viginti
