3092 5084
1389 498 1464 560 67

423 700 597 764 alteri
643 701 914 766 eiusdem
960 701 1262 766 enuntiati
1306 701 1577 766 membro
1622 701 1835 768 τωύτὸν
1881 703 1949 777 δὴ
1992 704 2095 768 xx)
2146 704 2311 770 πόλει
2338 727 2441 789 op-

420 820 674 906 ponitur
716 821 936 886 hocce:
984 821 1200 888 ταύτὸν
1251 822 1317 897 δὴ
1369 823 1467 886 καὶ
1515 822 1640 903 περὶ
1687 823 1908 896 πόλεως
1955 825 2153 891 αὑτοῦ.
2246 823 2441 889 Totus

418 946 622 1004 autem
667 939 838 1004 locus
883 946 1058 1004 tanta
1099 939 1334 1004 laborat
1383 941 1704 1006 verborum
1740 942 2101 1026 prolixitate
2118 992 2137 1020 ,
2185 951 2280 1006 tot
2319 965 2441 1007 am-

417 1057 679 1142 bagibus
739 1066 801 1122 et
859 1059 1144 1124 inanibus
1203 1058 1633 1124 additamentis
1647 1109 1666 1137 ,
1732 1066 1804 1124 ut
1858 1061 2084 1145 legenti
2130 1048 2255 1125 non
2302 1083 2439 1146 pos-

419 1176 545 1240 sint
588 1198 714 1240 non
757 1177 1028 1240 taedium
1059 1177 1271 1241 facere.
1351 1177 1533 1242 Anim
1541 1177 1894 1242 advertatur
1921 1178 2110 1242 modo
2137 1178 2201 1242 in
2232 1178 2434 1264 priore

417 1294 538 1358 loci
570 1302 741 1380 parte
771 1295 994 1381 septies
1018 1294 1144 1380 legi·
1171 1293 1587 1374 ξυμβουλεύειν
1618 1303 1678 1360 et
1708 1295 2226 1375 ξυμβουλεύεσθοοι,
2252 1297 2435 1361 variis

419 1412 618 1477 modis
666 1421 727 1477 et
771 1413 997 1502 formis.

507 1529 794 1596 Ceterum
836 1532 900 1596 in
947 1531 1063 1595 hoc
1107 1535 1353 1616 quo'que
1397 1532 1538 1596 loco·
1578 1532 1741 1596 clara
1786 1539 2024 1596 exstant
2070 1533 2427 1597 Platonicae

413 1649 778 1714 imitati-onis
832 1651 1100 1736 vestigia.
1149 1649 1405 1716 Initium
1420 1701 1439 1729 ,
1489 1629 1615 1731 περὶ
1662 1649 1985 1731 χρημάτων
2034 1653 2203 1728 κτήσ.
2240 1652 2273 1727 ἢ
2306 1652 2431 1731 περὶ

415 1769 688 1844 σώματος
742 1769 775 1843 ἢ
820 1775 1024 1849 ψυχῆς
1069 1770 1435 1848 ἐπιμελείαις,
1481 1769 1544 1833 in
1604 1769 1957 1834 memoriam
2004 1776 2246 1834 revocat
2276 1785 2433 1854 quae

414 1885 710 1970 leguntur
753 1887 829 1951 de
873 1885 1063 1972 Legg.
1110 1887 1242 1964 III,
1295 1889 1418 1953 697
1467 1887 1561 1965 D,
1612 1887 1721 1952 ubi
1766 1887 1917 1952 dicit
1968 1888 2202 1953 civibus
2250 1895 2311 1950 et
2348 1886 2429 1951 le-

417 2004 690 2089 gislatori
755 2005 949 2090 primo
1009 2005 1144 2069 loco
1204 2005 1486 2090 ponenda
1548 2029 1676 2070 esse
1735 2007 1817 2071 τοὶ
1877 2006 2003 2088 περὶ
2064 2008 2169 2080 ‘rhu
2222 2007 2427 2087 ψυχὴν

414 2125 654 2202 ἀγαθοὶ,
683 2173 698 2188 .
727 2173 741 2188 .
771 2173 786 2188 .
835 2124 1070 2204 δεύτεροι
1116 2125 1174 2188 δὲ
1217 2126 1298 2188 τὰ
1343 2124 1469 2203 περὶ
1515 2125 1583 2188 τὸ
1628 2126 1801 2202 σῶμα
1842 2125 2005 2190 κὀιλοὶ
2028 2125 2301 2202 myxas,
2336 2125 2434 2188 κοοὶ

415 2243 588 2323 τρια-οὶ
631 2243 713 2307 τοὶ
757 2243 881 2322 περὶ
929 2245 1030 2318 τὴν
1075 2243 1269 2308 οὐσίοον
1313 2245 1412 2308 καὶ
1460 2268 1540 2325 χρ
1554 2246 1764 2321 ήμοιτοο
1807 2243 2125 2323 λεγόμενοι.
2195 2243 2435 2308 Deinde

415 2360 634 2425 verba:
684 2359 1036 2445 αὐτόκλητος
1063 2409 1078 2424 .
1107 2409 1122 2424 .
1151 2410 1164 2424 .
1213 2363 1312 2426 οὐκ
1357 2339 1605 2442 ἔρχομαι
1637 2359 2123 2440 ξυμβουλεύσων,
2156 2360 2439 2439 βιωσόμε-

415 2501 507 2550 νος
568 2477 626 2541 δὲ
677 2479 788 2542 οὐδ’
840 2477 913 2542 ἂν
966 2477 1158 2560 viba-ff
1203 2503 1347 2556 μου,
1395 2477 1573 2560 δούλῳ
1633 2479 1691 2544 δὲ
1731 2527 1745 2542 .
1776 2528 1789 2542 .
1822 2528 1837 2542 .
1866 2527 1881 2542 .
1948 2477 2427 2560 προσβιαζοίμην,

417 2596 652 2675 ποια-ἐρα
710 2597 758 2661 δ’
797 2597 832 2672 ἢ
891 2597 1113 2677 μητέρα
1173 2600 1288 2679 οὐχ
1341 2595 1484 2663 ὅσιον
1532 2599 1789 2676 ἧγοῦμοιι
1836 2594 2286 2679 προσβιάζεσθαι
2306 2647 2325 2676 ,
2375 2605 2435 2661 et

416 2713 736 2799 deinceps:
784 2713 926 2792 βιόον
963 2715 1020 2778 δὲ
1056 2715 1286 2796 πατρίδι
1312 2765 1325 2778 .
1357 2765 1370 2778 .
1401 2764 1416 2779 .
1469 2717 1553 2790 μὴ
1590 2716 1958 2798 προσφέρειν,
2010 2739 2080 2780 ea
2112 2722 2328 2800 sponte
2368 2715 2433 2778 in

415 2839 684 2896 mentem
751 2832 927 2896 nobis
995 2841 1280 2897 revocant
1337 2832 1643 2897 illustrem
1672 2833 1903 2928 ’locum
1949 2831 2181 2896 Criton.
2231 2855 2292 2918 p.
2346 2833 2425 2896 51

417 2949 504 3028 O,
553 2951 660 3015 ubi
705 2945 1024 3036 loquentes
1068 2951 1446 3016 inducuntur
1489 2953 1537 3018 οἱ
1583 2951 1803 3030 Νόμοι,
1860 2952 1969 3036 qui
2015 2951 2269 3030 docent,
2312 2951 2432 3015 sin·

416 3069 619 3155 gulari
663 3071 780 3134 civi
839 3071 1068 3156 patriae
1114 3071 1227 3135 sub
1271 3071 1510 3156 legibus
1558 3079 1704 3136 nato
1752 3080 1813 3135 et
1858 3071 2117 3136 educato
2166 3093 2288 3135 non
2336 3094 2428 3136 ae-

418 3189 600 3273 quale
638 3191 742 3275 ju's
787 3212 914 3254 esse
960 3212 1100 3254 cum
1145 3191 1373 3276 patria,
1423 3213 1549 3256 non
1594 3191 1787 3275 magis
1836 3213 2018 3274 quam
2050 3213 2190 3255 cum
2222 3213 2432 3275 paren-

416 3307 586 3373 tibus
647 3316 754 3402 a'ut
815 3331 953 3372 cum
1013 3310 1294 3388 domino;
1359 3332 1542 3393 quare
1606 3310 1660 3373 si
1723 3311 1921 3396 patria
1984 3309 2215 3394 aliquid
2256 3309 2433 3395 jubet

419 3425 586 3509 quod
653 3426 934 3510 iniquum
1002 3427 1115 3491 tibi
1175 3427 1487 3506 videatur,
1551 3427 1765 3505 licere,
1829 3428 1881 3491 si
1925 3427 2155 3513 possiS,
2222 3427 2431 3492 πείθειν

417 3547 598 3620 αὐτὴν
667 3543 704 3626 ᾗ
761 3547 826 3610 τὸ
887 3545 1096 3612 δικαιῖον
1154 3547 1420 3630 πέφυκε,
1499 3555 1562 3610 at
1627 3568 1751 3611 non
1811 3547 1992 3610 licere
2055 3546 2187 3610 eius
2241 3545 2431 3632 jussis

417 3661 742 3740 obsistere;
790 3663 912 3727 vim
967 3686 1107 3728 vero
1153 3663 1372 3728 inferre
1419 3665 1651 3749 patriae
1669 3714 1688 3742 ,
1736 3664 1800 3728 id
1846 3664 2026 3749 plane
2072 3663 2240 3727 nefas
2266 3685 2428 3727 esse:

415 3780 716 3862 βιάζεσθαι
771 3782 820 3845 δ’
841 3783 956 3861 οὐχ
1015 3781 1158 3846 ὅσιον
1217 3782 1349 3847 οὔτε
1406 3783 1632 3863 μητέροι
1684 3781 1815 3848 οὔτε
1860 3781 2089 3861 πατέροο
2107 3833 2123 3854 ,
2175 3784 2325 3846 πολὺ
2372 3781 2429 3847 δὲ

413 3899 626 3964 τούτων
670 3899 754 3965 ἔτι
801 3898 970 3976 ἧττον
1013 3903 1118 3976 τὴν
1163 3901 1436 3982 ποοτρίδοι.
1501 3899 1679 3982 Quae
1716 3900 1817 3964 hic
1854 3899 1930 3964 de
1952 3899 2427 3985 obtemperando

417 4017 647 4101 patriae
709 4041 900 4102 aeque
955 4041 1023 4082 ac
1069 4027 1388 4104 parentum
1428 4021 1617 4106 jussis
1665 4019 1956 4084 dicuntur
1972 4069 1988 4096 ‚
2051 4019 2117 4082 in
2173 4018 2428 4103 epistola

415 4137 864 4201 transferuntur
917 4137 995 4202 ad
1041 4139 1295 4203 consilia
1340 4140 1572 4224 patriae
1617 4139 1715 4203 vel
1760 4137 2113 4224 parentibus
2160 4136 2379 4201 danda.

506 4255 636 4318 Iam
683 4278 1118 4342 persequamur
1165 4259 1595 4342 cogitationem
1642 4257 1914 4321 ordinem
1932 4307 1949 4332 ,
1996 4256 2103 4338 qui
2135 4254 2309 4318 valde
2341 4256 2427 4318 in-

2120 4374 2155 4428 5
2174 4372 2209 4408 ᾗ
