3092 5084
1378 494 1465 555 43

401 723 649 787 prorsus
719 701 899 784 friget
909 726 927 778 ;
993 699 1225 763 dictum
1272 697 1514 761 videtur
1560 720 1669 784 pro
1691 698 1999 782 forsitan,
2049 696 2217 780 quod
2262 695 2423 759 sicut

398 820 566 894 ἴσως,
613 844 722 884 που
740 870 757 902 ,
807 840 1268 903 nonnumquam
1310 817 1532 881 leniter
1579 816 1915 880 affirmandi
1946 817 2068 879 vim
2099 814 2283 878 habet
2298 863 2316 892 ‚
2351 821 2424 877 ut

399 937 565 1001 idem
610 938 734 1001 fere
781 939 860 1001 sit
907 937 1073 1021 quod
1118 937 1366 1008 εἰκότως.
1453 935 1589 998 Hoc
1646 957 1831 998 sensu
1869 933 2157 1005 πολλάκις
2188 933 2425 1017 elegan-

396 1065 495 1120 ter
556 1056 722 1140 apud
781 1056 1019 1119 Atticos
1066 1056 1318 1141 ponitur
1332 1104 1351 1132 ,
1399 1076 1511 1118 nec
1557 1076 1691 1118 raro
1738 1053 1903 1139 apud
1949 1053 2267 1117 Platonem
2284 1101 2303 1130 ,
2350 1058 2425 1115 ut

395 1176 465 1238 in
512 1173 866 1252 Phaedone,
915 1197 976 1258 p.
1029 1176 1108 1236 60
1157 1171 1246 1236 E:
1294 1174 1341 1238 εἰ
1389 1170 1506 1252 &ipa
1555 1171 1838 1242 πολλάκις
1884 1171 2106 1246 ταύτην
2150 1172 2255 1246 τὴν
2289 1194 2424 1242 μου·

395 1294 562 1368 σικήν
606 1317 701 1372 μοι
744 1292 1048 1358 ’ἐπιτάττοι
1093 1298 1288 1355 ποιεῖν.
1337 1291 1402 1354 111
1447 1290 1725 1374 Theage,
1773 1314 1832 1375 p.
1873 1292 1996 1353 122
2027 1290 2110 1353 A:
2161 1293 2421 1368 ἡγοῦμαι

393 1411 700 1492 κράτιστον
743 1408 885 1475 εἰνκι
932 1387 1220 1474 πείθεσθαι
1268 1411 1454 1490 αὐτῷ,
1501 1406 1600 1474 ἵνά
1642 1413 1725 1486 μὴ
1775 1407 2063 1480 πολλάκις
2110 1405 2247 1472 άνευ
2281 1411 2421 1486 ἐμοῦ

391 1529 820 1608 ξυγγενόμενός
850 1555 930 1610 τῳ
951 1530 1260 1612 διαφθαρῇ.
1285 1529 1351 1592 111
1375 1527 1587 1606 Critia,
1613 1552 1673 1613 p.
1707 1531 1829 1592 112
1859 1534 2031 1592 extr.:
2058 1527 2124 1592 τὸ
2148 1527 2197 1591 δ’
2220 1527 2303 1593 ἔτι
2328 1577 2341 1591 .
2366 1577 2379 1591 .
2404 1577 2421 1590 .

393 1648 492 1712 δεῖ
543 1648 828 1723 δηλῶσαι,
892 1649 977 1724 μὴ
1036 1645 1322 1720 πολλάκις
1378 1647 1675 1718 ἀκούοντες
1737 1647 2055 1721 Ἑλληνικά
2099 1633 2443 1736 βαρβάρων*

395 1763 611 1845 ἄνδρων
669 1749 950 1844 ὅνόμοοτοο
991 1764 1366 1846 θαυμάζητεε
1417 1765 1494 1828 ad
1542 1787 1727 1848 quem
1768 1765 1973 1829 locum
2022 1748 2199 1849 plura
2248 1763 2427 1828 Stall-

394 1884 704 1948 baumiuS.
797 1883 915 1948 Sed
961 1883 1027 1947 in
1071 1883 1354 1948 omnibus
1402 1883 1589 1948 huius
1636 1883 2097 1968 significationis
2131 1881 2425 1966 exemplis

397 2000 693 2073 πολλάκις
749 2003 994 2087 junctas
1053 2001 1170 2065 sibi
1229 1999 1413 2065 habet
1466 2001 1799 2085 particulas
1864 2003 1909 2065 εἰ
1956 2000 2105 2080 ἄρά,
2156 1999 2227 2064 ἂν
2274 1999 2389 2081 ἄρά
2412 2052 2425 2076 ,

398 2122 526 2198 μήτ
589 2121 644 2184 si
691 2121 868 2206 forte
883 2169 902 2198 ‚
967 2143 1104 2184 num
1144 2120 1322 2205 forte
1337 2167 1354 2196 ‚
1419 2142 1490 2183 ne
1531 2121 1726 2206 forte.
1820 2118 1941 2183 Hic
2002 2119 2275 2204 positum
2337 2125 2429 2182 est

399 2239 671 2303 insolite.

491 2357 703 2442 Pergit
733 2357 851 2420 sic:
900 2356 990 2428 τίς
1021 2356 1069 2419 δ’
1095 2351 1160 2430 ἦν
1191 2360 1224 2432 ἡ
1250 2356 1458 2420 ἐκείνου
1489 2355 1707 2421 διάνοὶοι
1737 2356 1837 2420 xx}
1870 2357 2186 2439 ἐπιθυμίαι,
2218 2355 2429 2436 σχεδὸν

397 2479 508 2542 οὐκ
549 2476 787 2558 εἰκάζων
832 2477 972 2540 ἀλλ’
1015 2477 1089 2546 ὥς
1125 2475 1278 2540 εἰδὼς
1325 2479 1531 2557 σοιφῶς
1580 2473 1794 2552 εἴποιμ’
1846 2473 1939 2540 ἄν.

494 2595 666 2658 Illud
709 2593 918 2675 σχεδὸν
962 2595 1062 2658 οὐκ
1107 2593 1341 2674 εἰκάζων
1387 2595 1529 2658 ἀλλ’
1574 2595 1647 2664 ὥς
1691 2593 1845 2665 εἰδὼς
1894 2599 2105 2676 σαφῶς
2151 2594 2431 2658 imitatur

401 2712 774 2777 Socraticam
820 2711 1214 2790 modestiam,
1255 2711 1331 2774 de
1361 2711 1672 2796 plerisque
1704 2710 2058 2776 dubitanter
2090 2713 2429 2797 loquentiS,

399 2853 602 2916 pauca
647 2831 1026 2895 affirmantis:
1077 2831 1248 2895 velut
1289 2831 1357 2893 in
1402 2829 1699 2908 Menone,
1751 2830 1859 2894 ubi
1906 2831 2232 2895 discrimen
2262 2839 2433 2895 nota-

403 2956 514 3013 tur
557 2951 717 3014 inter
764 2950 1087 3027 ἕπιστήμκν
1132 2956 1194 3013 01
1238 2949 1407 3022 δόξαν
1424 2999 1442 3032 ,
1491 2949 1580 3014 ita
1621 2948 1900 3014 Socrates
1919 2999 1937 3028 ‚
1988 2973 2047 3034 Ρ.
2100 2953 2181 3012 98
2216 2951 2295 3013 Β;
2331 2950 2431 3014 καὶ

405 3069 525 3146 μὴν
570 3069 669 3132 κοιί
717 3069 832 3144 ἐγὼ
861 3070 934 3158 ὦς
965 3069 1066 3132 οὐκ
1095 3067 1247 3138 εἰδὼς
1280 3070 1416 3151 (οὐχ
1443 3070 1516 3138 ὡς
1550 3067 1702 3140 εἰδὼς
1719 3067 1769 3152 Ρ)
1800 3067 1991 3145 λέγω,
2022 3069 2163 3132 ἀλλ’
2193 3067 2427 3150 εἰκάζοις

405 3209 551 3250 011111
597 3186 822 3271 quibus
867 3187 1016 3250 haec
1062 3186 1138 3251 ad
1185 3187 1442 3251 verbum
1487 3209 1677 3272 paene
1710 3188 2103 3252 conveniunt.
2176 3187 2333 3251 Item
2365 3187 2432 3252 in

409 3305 676 3389 Gorgia,
739 3329 798 3391 p.
858 3308 986 3368 453
1049 3306 1135 3368 B:
1197 3307 1300 3380 τὴν
1358 3305 1478 3370 άπὸ
1545 3313 1652 3378 τῆς
1706 3309 1990 3398 ῥητορικῆς
2053 3307 2254 3388 πειθὼ,
2310 3304 2431 3382 ἥτις

410 3422 544 3489 πότ’
605 3426 726 3489 ἔστι
751 3473 768 3505 ,
799 3475 813 3488 .
844 3475 858 3489 .
887 3473 902 3489 .
959 3429 1168 3504 σαφῶς
1227 3423 1334 3501 μὲν
1395 3419 1460 3488 εὖ
1513 3421 1620 3488 ἴσθ’
1656 3419 1751 3508 ὅτι
1810 3425 1911 3488 οὐκ
1968 3419 2132 3507 οἶδά,
2194 3427 2256 3489 οὐ
2316 3426 2432 3502 μὴν

409 3544 554 3607 άλλ’
603 3541 904 3607 ὑποπτεύω
951 3567 1044 3620 γε.
1139 3541 1342 3622 Quod*
1376 3549 1580 3607 autem
1626 3542 1903 3606 additum
1936 3551 2029 3606 est
2059 3538 2298 3624 σχεδὸν,
2332 3543 2433 3607 hic

412 3683 539 3726 11011
571 3660 767 3725 solum
802 3683 1247 3747 supervacuum
1279 3668 1398 3739 est,
1435 3661 1540 3728 sed
1576 3661 1759 3725 etiam
1788 3662 2149 3727 molestum:
2186 3663 2238 3726 si
2270 3662 2433 3726 enim

414 3781 642 3844 affirmo
687 3801 784 3844 me
829 3802 954 3844 non
1001 3781 1350 3864 conjectura
1395 3779 1502 3843 sed
1548 3787 1713 3843 certo
1758 3780 1994 3863 aliquid
2040 3781 2223 3858 scire,
2262 3780 2433 3844 illud

403 3901 838 3981 propemodum,
872 3899 1138 3962 alienum
1201 3905 1309 3962 est.
1402 3897 1593 3984 Saepe
1657 3899 1904 3982 quidem
1967 3899 2144 3964 Plato
2203 3898 2431 3982 aliique

415 4018 736 4103 scriptores
795 4017 859 4080 in
921 4039 1194 4082 sermone
1257 4025 1318 4081 et
1365 4015 1780 4102 disputatione
1824 4017 1983 4082 illud
2029 4018 2239 4098 σχεδὸν
2284 4019 2431 4104 adji-

417 4136 589 4200 ciunt
647 4135 966 4214 εὐλαβείας
1029 4137 1256 4220 gratia,
1321 4137 1373 4200 si
1435 4159 1563 4200 rem
1607 4159 1737 4200 11011
1774 4136 2137 4200 examussim
2183 4110 2432 4200 definire

421 4262 529 4319 aut
587 4254 766 4342 plane
825 4255 1120 4322 affirmare
1186 4255 1430 4338 volunt,
1487 4257 1595 4344 qui
1642 4255 1909 4323 adverbii
1954 4277 2101 4322 usus
2146 4255 2430 4346 frequens
