3092 5084
1357 455 1436 514 53

383 660 480 724 lac
519 659 793 724 Platonis
825 658 1206 744 disciplinam
1254 666 1587 744 gustasset,
1631 659 1864 725 aulicae
1904 661 2065 724 vitae
2096 661 2403 725 luxuriem

385 802 606 844 exosus
651 780 1074 845 modestiorem
1121 779 1364 843 vivendi
1409 780 1704 844 rationem
1746 787 1901 843 esset
1936 780 2248 865 amplexus
2262 806 2280 856 3
2331 801 2401 843 eo
2442 759 2447 764 ⁵

384 908 592 964 autem
621 901 852 965 factum
883 909 954 964 ut
985 901 1050 964 in
1075 900 1414 963 aulicorum
1437 899 1758 963 hominum
1783 899 1995 963 odium
2027 907 2088 963 et
2112 899 2404 964 invidiam

380 1018 709 1084 inciderit:
759 1021 954 1104 (Δίων)
997 1019 1092 1084 τὸν
1135 1020 1426 1084 ἐπίλοιπον
1477 1018 1603 1095 βίον
1650 1019 1749 1098 ζῆν
1788 1019 2023 1094 ἠθέλησε
2061 1071 2075 1084 .
2099 1071 2113 1084 .
2138 1069 2151 1082 .
2197 1019 2403 1099 οέρετὴν

385 1139 514 1218 περὶ
562 1141 812 1212 πλείονος
861 1141 1050 1215 ἡδονῆς
1075 1159 1083 1162 ·’
1100 1189 1114 1204 .
1138 1191 1152 1204 .
1175 1191 1188 1205 .
1236 1140 1563 1216 &amquam
1581 1191 1599 1214 ‚
1650 1136 1768 1203 ὅθεν
1816 1137 2241 1218 ἐπαχθέστερον
2288 1145 2403 1208 τοῖς

383 1258 514 1336 περὶ
575 1259 658 1322 τοὶ
715 1259 1020 1338 τυραννικοὶ
1079 1259 1299 1336 νόμιμα
1349 1258 1511 1338 ζῶσιν
1531 1259 1536 1264 ’
1558 1257 1699 1334 ἐβίω
1760 1257 1940 1338 μεχρι
2008 1263 2108 1322 τοῦ
2156 1255 2403 1321 θανάτου

382 1383 488 1441 τοῦ
545 1377 668 1454 περὶ
717 1377 1001 1442 Διονύσιον
1045 1377 1366 1455 γενομένου.
1460 1376 1666 1456 Quem
1712 1377 1775 1439 in
1824 1375 1921 1439 his
1967 1397 2094 1439 non
2140 1375 2402 1439 advertit

379 1518 606 1580 pravus
667 1519 816 1560 usus
863 1495 1324 1582 praepositionis
1370 1495 1500 1574 περί
1513 1495 1541 1558 Ρ
1619 1495 1895 1558 Primum
1946 1495 2103 1559 male
2150 1517 2405 1580 usurpa-

380 1593 522 1677 tum
581 1628 674 1678 est
729 1615 796 1678 in
840 1613 1036 1678 verbis
1097 1613 1222 1694 περὶ
1269 1613 1522 1684 πλείονος
1568 1613 1931 1690 ‹immanes-5:
2005 1612 2233 1676 dicitur
2277 1613 2401 1694 περὶ

382 1740 638 1817 πολλοῦ,
674 1735 800 1815 περὶ
833 1734 1086 1805 πλείονος
1119 1705 1429 1812 ποιεῖσθαι,
1477 1726 1779 1816 ἡγεῖσθαι,
1814 1755 1941 1798 non
1976 1733 2101 1812 περὶ
2149 1733 2402 1806 πλείονος

379 1855 606 1928 τιμᾶν,
682 1855 969 1930 οὶγαποῖνς
1031 1852 1283 1916 ‘deinde
1376 1874 1482 1937 pro
1543 1851 1669 1932 περὶ
1715 1853 1797 1916 τα
1856 1877 1978 1932 τυρ.
2019 1851 2243 1929 νόμιμα
2302 1851 2401 1932 ζῆν

383 1969 508 2034 dici
579 1970 791 2034 debuit
853 1971 1014 2035 κατα
1049 1972 1148 2048 ,τα
1205 1995 1262 2036 τ.
1329 1995 1375 2034 ν.
1432 1971 1530 2052 ζῆν
1549 2023 1566 2046 ,
1621 1974 1925 2036 seeundum
1972 1971 2209 2056 tyranni
2253 1973 2403 2052 leyes

381 2088 479 2151 vel
522 2091 700 2173 jussa
717 2116 744 2164 ;
813 2088 1074 2172 denique
1134 2095 1234 2154 τοῦ
1290 2089 1415 2170 περὶ
1470 2087 1757 2154 Διονύσιον
1803 2088 2105 2166 γενομένου
2154 2088 2399 2153 θανάτου

385 2214 481 2270 est
527 2207 836 2292 inelegans
883 2206 1342 2271 circumlocutio
1389 2229 1499 2293 pro
1544 2207 1723 2288 μεχρι
1771 2213 1871 2272 τοῦ
1912 2208 2201 2272 Διονυσίου
2232 2205 2401 2270 θανά,-

376 2350 500 2391 του.
595 2326 825 2390 Mirum
893 2333 986 2390 est
1039 2333 1413 2412 quantopere
1476 2327 1731 2413 scriptor
1790 2334 1996 2390 noster
2060 2326 2397 2390 delectetur

373 2446 558 2510 istius
611 2446 1076 2532 praepositionis
1145 2469 1264 2510 usu
1281 2495 1300 2524 ‚
1371 2467 1555 2530 quam
1625 2446 1824 2510 ubivis
1894 2446 2200 2511 inculcare
2270 2455 2395 2510 stu·

375 2563 503 2628 det.
595 2565 890 2651 Exempla
957 2565 1253 2649 quaedam
1307 2565 1568 2629 afferam.
1644 2588 1700 2650 p.
1753 2567 1879 2628 325
1930 2567 2022 2628 A:
2074 2570 2106 2641 ἦ
2154 2565 2278 2645 περὶ
2330 2566 2397 2630 τὸ

376 2683 652 2762 πράττειν
726 2684 808 2748 τοὶ
881 2684 1037 2748 κοινοὶ
1110 2684 1403 2760 ἐπιθυμία.
1495 2683 1645 2747 ibid.
1724 2682 1808 2751 C:
1894 2685 2112 2756 ἀνόσιος
2180 2685 2395 2761 ἀγωγὴ

375 2801 504 2882 περὶ
565 2801 667 2866 ἕνα
718 2808 831 2867 τῶν
890 2803 1077 2885 φίλων
1095 2855 1112 2878 ,
1189 2803 1296 2868 ubi
1373 2803 1498 2883 περὶ
1572 2803 1827 2887 genitivi
1904 2803 2037 2867 loco
2098 2803 2386 2888 positum.

377 2942 438 3004 p.
489 2922 618 2984 338
667 2921 756 2984 A:
822 2919 1080 3000 καθάπερ
1133 2917 1319 3004 εἷπον,
1377 2913 1502 3000 πρὶν
1552 2919 1971 2998 ξυμβουλεύειν
2017 2927 2136 2992 τοῖς
2180 2921 2395 2992 οἰκείοις

381 3039 482 3104 καὶ
545 3041 781 3119 ἑταίροις
838 3047 958 3112 τοῖς
1025 3040 1148 3120 περὶ
1220 3041 1450 3118 Δίωνα,
1519 3040 1584 3103 h.
1656 3063 1722 3116 e.x
1767 3040 2011 3124 Δίωνος,
2084 3039 2250 3123 quod
2295 3041 2394 3104 hic

381 3157 672 3247 vitipsum
687 3209 706 3236 ,
769 3159 914 3243 quia
971 3160 1185 3222 mortui
1229 3159 1597 3244 propinquos
1654 3158 1973 3243 significat.
2023 3181 2081 3243 p.
2132 3160 2258 3222 340
2307 3158 2390 3222 B:

378 3278 506 3342 ἐστί
571 3300 658 3349 τις
724 3277 926 3358 τρόπος
992 3282 1093 3343 τοῦ
1147 3280 1272 3356 περὶ
1325 3279 1409 3344 τοὶ
1466 3283 1716 3344 τοιαῦτα
1776 3285 1975 3358 πεῖραν
2036 3277 2387 3356 λαμβάνειν.
2430 3315 2437 3320 ›

378 3395 571 3481 Saepe
651 3397 866 3475 iterat,
952 3405 1024 3460 ut
1105 3420 1164 3482 p.
1245 3399 1371 3461 329
1450 3397 1537 3462 B:
1600 3394 1754 3479 εὖρον
1814 3399 2075 3470 στάσεως
2128 3399 2211 3462 τα
2263 3397 2389 3478 περὶ

379 3516 666 3580 Διονύσιον
709 3517 909 3593 μεστὰ
953 3514 1279 3592 ξύμπαντα
1321 3517 1422 3582 καὶ
1461 3516 1745 3593 διαβολῶν
1780 3517 1915 3596 πρὸς
1952 3519 2055 3592 τὴν
2092 3515 2392 3598 τυραννιδα

379 3633 588 3706 Δίωνος
641 3633 765 3715 πέρι
827 3636 997 3717 (1111111
1044 3635 1298 3699 fortasse
1345 3635 1673 3720 legendum
1718 3635 1852 3716 πρὸς
1900 3637 2095 3724 ᾼίωνα
2138 3645 2245 3711 τῆς
2289 3662 2388 3701 τυ-

375 3751 616 3830 ραννιδος
678 3751 800 3832 πέρι
819 3753 870 3837 Ρ)
884 3803 904 3832 ,
965 3753 1131 3837 quod
1193 3754 1526 3838 significat:
1592 3777 1805 3818 omnem
1866 3755 2143 3838 Dionysii
2196 3757 2392 3818 aulam

363 3871 601 3950 plenam
661 3871 1158 3956 criminationibus
1216 3875 1490 3938 adversus
1551 3873 1800 3938 ,Dionem
1860 3876 1931 3937 de
1989 3874 2263 3958 affectata
2309 3881 2392 3958 ty-

377 3991 635 4055 rannide.
684 4013 745 4075 p.
796 3992 921 4054 331
969 3992 1060 4054 A:
1109 3989 1247 4055 ὅταν
1293 3993 1382 4064 τίς
1426 4016 1521 4070 μοι
1568 3989 2044 4070 ξυμβουλεύηται
2085 3993 2214 4070 περί
2241 4015 2389 4064 τινος

381 4111 487 4173 τῶν
547 4108 844 4186 μεγίστων
909 4109 1033 4190 περὶ
1094 4109 1192 4176 τὸν
1251 4110 1429 4175 αὑτοῦ
1489 4110 1651 4193 βίον,
1716 4105 1820 4175 οἷον
1880 4109 2005 4192 περὶ
2066 4109 2388 4191 χρημάτων

380 4230 646 4305 κτήσεως.
695 4253 756 4315 p.
802 4231 926 4292 339
975 4228 1027 4292 C
1046 4256 1065 4292 .-
1107 4231 1182 4296 ἂν
1226 4232 1306 4302 εἷς
1350 4231 1630 4296 Σικελίαν
1672 4230 1830 4312 ἔλθῃς
1847 4279 1865 4308 ,
1914 4237 2127 4312 πρῶτον
2164 4229 2272 4309 μέν
2303 4253 2385 4298 σοι

603 4487 624 4521 Χ
