3092 5084
1418 517 1542 580 227

463 721 533 788 τὸ
585 721 861 811 πράττειν
926 721 1009 788 τὰ
1074 723 1232 788 κοινοὶ
1276 724 1377 787 καὶ
1424 723 1700 788 πολιτικὰ
1744 723 2020 802 ἐπιθυμίαι
2065 725 2149 810 (p.
2199 725 2328 788 325
2377 726 2478 810 A).

465 840 585 908 Sed
630 863 786 926 quae
830 862 972 905 mox
1016 841 1219 906 evenit
1260 841 1489 928 injusta
1533 840 1799 906 Socratis
1845 842 2184 921 damnatio,
2217 850 2351 907 tum
2383 843 2484 909 de-

466 981 865 1046 magogorum
907 959 1337 1044 importunitas
1370 968 1431 1024 et
1460 959 1802 1024 increscens
1833 982 2071 1024 morum
2096 960 2479 1046 depravatio,

464 1079 613 1144 haec
657 1101 755 1144 me
798 1069 867 1145 τὸ
910 1084 1127 1161 πρῶτον
1164 1086 1388 1155 πολλῆς
1426 1079 1643 1157 μεστὸν
1679 1077 1818 1144 ὄντα
1857 1081 2032 1159 ὁρμῆς
2063 1080 2160 1145 ἐπὶ
2192 1079 2260 1146 τὸ
2291 1079 2478 1161 προὶτ·

463 1224 580 1265 τειν
620 1200 701 1265 τὰ
746 1199 905 1264 κοινοὶ
948 1205 1365 1283 represserunt
1410 1197 1582 1282 (ibid.
1629 1197 1733 1283 D).
1827 1196 1926 1262 Ita
1969 1198 2200 1264 factum
2233 1206 2307 1263 ut
2349 1221 2476 1265 non

462 1316 815 1382 desisterem
860 1307 1111 1402 quidem⁴
1152 1316 1449 1402 cogitare,
1496 1315 1806 1400 quomodo
1851 1336 1946 1381 res
1992 1304 2255 1381 ciuitatis
2287 1339 2485 1382 emen-

465 1436 599 1500 dari
642 1443 892 1522 possent
906 1485 925 1514 ‚
974 1436 1080 1500 sed
1120 1442 1195 1500 ut
1240 1434 1459 1520 agendi
1506 1435 1886 1500 occasionem
1917 1423 2152 1522 semper
2176 1443 2481 1522 exspecta·
2551 1463 2559 1474 ·

463 1577 625 1619 rem:
670 1552 819 1620 ὅστε
854 1579 935 1632 με
960 1604 976 1621 .
1004 1603 1020 1620 .
1049 1605 1065 1622 .
1110 1559 1211 1620 τοῦ
1256 1553 1365 1633 μὲν
1407 1561 1643 1619 σκοπεῖν
1685 1555 1772 1632 μὴ
1807 1555 2136 1628 ἀποστῆναι
2151 1603 2170 1638 ‚
2211 1563 2296 1636 πῇ
2342 1553 2480 1620 ποτ’

465 1670 696 1751 ἄμεινον
742 1671 816 1738 ἂν
858 1672 1117 1750 γίγνοιτο
1132 1721 1150 1756 ,
1179 1722 1195 1739 .
1223 1721 1240 1738 .
1268 1723 1283 1738 .
1330 1677 1433 1738 τοῦ
1478 1671 1537 1737 δὲ
1581 1672 1859 1753 πράττειν
1903 1667 1982 1738 αὖ
2025 1673 2341 1752 περιμένειν
2384 1673 2478 1738 ἀεὶ

464 1791 706 1872 καιρούς.
776 1790 947 1876 (ibid.
994 1789 1089 1876 E).
1180 1789 1497 1855 Postremo
1571 1790 1908 1878 perspicere
1976 1791 2178 1876 coepi,
2234 1789 2480 1856 nullum

466 1910 611 1975 mali
676 1910 1013 1976 remedium
1080 1909 1209 1975 fore
1272 1909 1393 1974 nisi
1440 1909 1474 1987 ἢ
1518 1909 1586 1975 τὸ
1641 1915 1755 1975 τῶν
1819 1911 2292 1994 φιλοσοφούντων
2339 1959 2357 1977 .
2408 1961 2425 1978 .
2461 1959 2476 1974 .

465 2030 627 2110 γένος
673 2031 760 2104 εἷς
794 2030 994 2112 ἀρχὰς
1038 2030 1169 2113 ἔλθῃ
1210 2031 1323 2104 τὰς
1369 2029 1676 2103 πολιτικὰς
1691 2080 1711 2107 ,
1759 2029 1794 2106 ἣ
1839 2029 1906 2095 τὸ
1949 2035 2061 2095 τῶν
2105 2029 2476 2096 δυναστευόν·
2507 2045 2516 2050 ’

467 2175 580 2216 των
624 2154 683 2216 ἐν
726 2156 859 2222 ταῖς
904 2149 1151 2216 πόλεσι.
1180 2200 1196 2217 .
1223 2199 1238 2215 .
1290 2147 1463 2222 ὅντως
1508 2150 1882 2232 Φιλοσοφῆσῃ
1927 2150 2008 2234 (p.
2059 2151 2187 2213 326
2235 2149 2336 2223 B).
2442 2236 2445 2238 -

554 2269 843 2345 Dubitari
904 2269 1123 2354 nequit
1176 2269 1329 2354 quin
1374 2269 1633 2354 scriptor
1675 2269 1774 2332 his
1819 2267 2204 2354 responderit
2245 2269 2482 2361 vitupe-

466 2388 691 2453 rationi
750 2409 958 2452 eorum
968 2437 987 2466 ,
1051 2387 1159 2471 qui
1218 2409 1393 2472 aegre
1462 2386 1690 2451 ferrent
1749 2374 2186 2472 philosophum
2240 2387 2306 2451 in
2353 2387 2480 2451 otio

468 2506 544 2571 de
590 2506 941 2592 disciplina,
991 2505 1065 2571 de
1110 2505 1383 2594 moribus
1431 2512 1491 2570 et
1538 2504 1614 2570 de
1652 2503 1900 2590 legibus
1948 2504 2344 2569 disserentem
2364 2503 2483 2568 fori
2580 2526 2584 2530 ·

466 2625 665 2692 lucem
708 2625 919 2711 fugere
964 2631 1027 2690 et
1085 2648 1119 2690 a
1162 2624 1519 2690 muneribus
1551 2624 1934 2716 negotiisque
1981 2623 2261 2709 gerendis
2302 2623 2484 2688 absti-

466 2767 643 2810 nere:
694 2766 956 2828 quorum
1000 2735 1477 2809 obtrectatorum
1524 2742 1976 2807 criminationes
2017 2742 2148 2828 ipse
2193 2741 2372 2806 Plato
2416 2741 2482 2806 in

467 2863 625 2928 libro
692 2862 787 2928 VI
854 2863 930 2928 de
996 2862 1147 2948 Rep.
1218 2886 1251 2928 e
1320 2883 1578 2948 persona
1645 2861 1960 2928 Adimanti
2031 2867 2481 2926 commemorat.

467 2984 695 3068 Aperte
752 2982 819 3047 id
877 2981 1109 3046 indicat
1167 2981 1232 3046 in
1286 2981 1566 3067 Epistola
1609 2979 1702 3059 V,
1751 3003 1810 3066 p.
1861 2981 1988 3044 322
2037 2981 2129 3058 A,
2177 2979 2289 3045 ubi
2333 2979 2482 3045 haec

466 3102 677 3168 scribit
741 3101 819 3166 ad
877 3101 1261 3167 Perdiccam:
1324 3101 1427 3166 ἐὰν
1486 3101 1545 3166 δέ
1603 3124 1692 3172 τις
1761 3100 2020 3172 οἰκούσαις
2083 3098 2258 3166 ταῦτ’
2314 3098 2448 3183 εἴπῃ
2466 3121 2482 3138 ·
2601 3131 2607 3138 ·

468 3219 721 3287 Πλάτων
740 3271 757 3304 ,
805 3223 879 3294 ὥς
922 3222 1092 3304 ἔοικε,
1141 3227 1532 3302 προσποιεῖται
1579 3220 1687 3297 μὲν
1728 3219 1812 3285 τὰ
1859 3218 2218 3302 δημοκρατίᾳ
2252 3215 2486 3300 ξυμφέ-

467 3342 609 3420 ροντ’
669 3339 871 3404 εἰδέναι
889 3389 907 3416 ,
970 3337 1093 3416 ἐξὸν
1152 3337 1201 3404 δ’
1240 3340 1300 3404 ἐν
1345 3340 1427 3420 τῷ
1472 3337 1634 3420 δήμῳ
1677 3337 1874 3416 λέγειν
1916 3337 2016 3402 καὶ
2064 3331 2486 3414 ξυμβουλεύειν

386 3463 393 3470 “
470 3459 629 3540 αὐτῷ
671 3459 755 3524 τοὶ
795 3457 1091 3536 βέλτιστοι
1105 3507 1124 3541 ,
1188 3459 1253 3522 οὗ
1312 3458 1534 3522 πώποτ’
1579 3455 1849 3530 ἀναστὰς
1911 3452 2246 3538 ἐφθέγξατο
2268 3476 2284 3493 ·
2341 3441 2485 3534 νπρὸς

468 3578 642 3642 ταῦτ’
701 3577 910 3653 εἰπεῖν,
970 3572 1057 3641 ὅτι
1117 3573 1370 3642 Πλάτων
1426 3573 1528 3656 ὄψ’
1595 3574 1654 3638 ἐν
1695 3583 1770 3656 τῇ
1829 3573 2066 3654 πατρίδι
2128 3572 2340 3651 γέγονε
2383 3570 2483 3638 καὶ

468 3695 565 3761 τὸν
622 3695 799 3770 δῆμον
859 3693 1198 3772 κατέλαβεν
1258 3692 1360 3770 ἤδη
1417 3691 1808 3774 πρεσβύτερον
1866 3691 1966 3757 καὶ
2028 3691 2332 3769 εἰθισμένον
2375 3689 2487 3755 ὑπὸ

467 3819 578 3881 τῶν
593 3799 598 3803 ’
616 3813 925 3895 ἔμπροσθεν
960 3813 1162 3878 πολλοὶ
1196 3811 1297 3877 καὶ
1336 3811 1582 3890 ἀνόμοιοι
1619 3820 1694 3891 τῇ
1735 3811 1946 3876 ἐκείνου
1968 3807 2278 3892 ξυμβουλῇ
2301 3799 2488 3890 προέτ-

466 3957 602 3999 τειν.
694 3931 805 4012 „Si
850 3932 993 4016 quis
1035 3931 1283 4018 objiciat
1327 3929 1650 3996 Platonem
1695 3930 2017 3996 scientiam
2064 3928 2311 4015 quidem
2343 3949 2487 4014 prae

467 4073 532 4116 se
575 4051 730 4115 ferre
758 4072 963 4116 rerum
1008 4049 1282 4116 civilium
1298 4099 1315 4128 ‚
1364 4048 1470 4114 sed
1484 4099 1504 4128 ,
1544 4071 1740 4134 quum
1770 4049 1950 4114 liceat
1981 4048 2038 4112 ei
2074 4047 2277 4133 palam
2307 4047 2374 4112 in
2407 4047 2488 4110 ci-

469 4170 655 4234 vitate
704 4145 915 4262 ⁴verba¹
966 4169 1162 4235 facere
1220 4176 1281 4234 et
1341 4168 1596 4232 consilia
1642 4167 1786 4232 dare
1801 4216 1820 4245 ‚
1865 4167 1934 4230 id
1978 4167 2255 4252 refugere
2271 4214 2290 4243 ‚
2338 4163 2484 4228 huic

468 4287 797 4374 responde:
845 4287 1024 4369 Plato
1054 4309 1249 4372 quum
1280 4287 1357 4352 ad
1388 4286 1828 4379 rempublicam
1869 4287 2148 4363 accessit,
2183 4284 2507 4370 populum*

1613 4397 1615 4399 ¹
2119 4401 2248 4462 15⁸
