3092 5084
1538 500 1663 560 118

592 731 784 793 quum
844 708 1105 771 Socratis
1168 714 1548 771 accusatores
1610 704 1904 770 dicuntur
1961 705 2396 777 δυναστεύοντές
2443 729 2610 776 τινες.

592 826 741 904 Sed,
788 835 862 890 ut
897 829 1022 912 jam
1066 832 1245 889 antea
1275 826 1538 890 vidimus
1573 829 1653 910 (p.
1691 828 1835 910 48),
1866 820 2198 909 pronomen
2226 824 2342 888 hoc
2373 848 2408 887 a
2433 824 2614 907 scrip-

580 954 719 1011 tore
775 954 985 1010 nostro
1042 969 1219 1031 saepe
1272 946 1551 1011 affectato
1599 945 1932 1029 elegantiae
1973 944 2178 1007 studio
2217 943 2611 1007 inculcatum.

591 1064 831 1128 Deinde
877 1064 1015 1127 illos
1064 1062 1150 1126 LI
1198 1065 1285 1127 sic
1334 1064 1693 1147 distinguit:
1742 1066 1786 1128 οἱ
1820 1050 2142 1143 ’τριάκοντα
2174 1070 2347 1125 erant
2377 1059 2617 1126 πάντων

591 1180 873 1263 ἄρχοντες
920 1181 1348 1262 αὐτοκράτορες.
1421 1180 1560 1244 Hoc
1606 1180 1854 1264 quidem
1901 1187 2136 1244 notum.
2199 1180 2324 1251 His
2357 1178 2618 1264 subjecti

588 1298 789 1364 ἕνδεκα
853 1299 966 1362 viri
1031 1300 1094 1363 in
1165 1299 1342 1376 urbe,
1406 1299 1545 1363 δέκα
1591 1300 1656 1363 in
1706 1299 1957 1376 Piraeo;
2007 1299 2226 1362 horum
2261 1298 2338 1361 de
2369 1320 2621 1361 munere

592 1441 749 1502 quae
812 1418 983 1481 addit
1030 1417 1350 1481 obscurius
1398 1416 1562 1481 dicta
1607 1417 1692 1481 sic
1740 1417 2096 1502 explicanda
2143 1423 2320 1481 sunt:
2370 1417 2620 1496 ἑκάτεροι

591 1538 805 1601 τούτων
852 1536 1053 1619 (ὄντες)
1100 1537 1229 1614 περί
1273 1540 1331 1600 τ’
1356 1536 1576 1617 αγορὰν
1623 1535 1719 1600 καὶ
1769 1534 1878 1600 ὅσα
1923 1538 1980 1600 ἐν
2019 1543 2136 1607 τοῖς
2167 1536 2374 1600 ἄστεσι
2407 1535 2624 1600 διοικεῖν

591 1654 733 1731 ἔδει,
798 1654 861 1717 h.
912 1677 963 1717 e.
1014 1654 1309 1737 „utrique
1354 1660 1693 1717 tractantes
1733 1677 1827 1718 res
1875 1654 2142 1717 forenses
2173 1660 2233 1716 et
2265 1654 2528 1717 urbanas
2559 1654 2623 1718 in

593 1770 819 1857 oppido
869 1780 929 1835 et
973 1773 1038 1835 in
1085 1772 1301 1835 Piraeo
1323 1772 1384 1850 ;'’
1432 1772 1581 1835 haec
1629 1772 1790 1835 enim
1839 1771 2016 1836 ambo
2052 1772 2476 1857 significantur
2506 1780 2624 1844 τοῖς

593 1891 856 1967 &creo-1„
909 1898 1121 1953 contra
1178 1912 1365 1954 usum
1428 1891 1776 1954 Atticorum
1795 1940 1812 1967 ,
1885 1913 1922 1953 a
1981 1891 2202 1974 quibus
2265 1914 2500 1975 semper
2559 1891 2626 1954 τὸ

593 2008 747 2073 ἄστυ
796 2008 1129 2093 opponitur
1167 2016 1451 2088 Πειραιεῖ,
1500 2015 1574 2072 ut
1619 2009 1683 2071 in
1732 2008 1987 2073 Platone
2033 2009 2109 2073 de
2154 2008 2303 2093 Rep.
2354 2008 2421 2087 I,
2449 2009 2620 2072 init.:

592 2126 869 2203 Κατέβην
913 2128 1055 2207 χθὲς
1102 2130 1183 2215 εἰς
1227 2131 1469 2207 Πειραιᾶ
1509 2128 1672 2205 μετα
1702 2128 2074 2209 Γλαύκωνος,
2103 2179 2118 2194 .
2149 2178 2162 2193 .
2195 2179 2209 2192 .
2236 2126 2627 2208 προσευξάμε-

593 2270 668 2309 νοι
715 2246 772 2309 δὲ
818 2245 917 2309 καὶ
965 2248 1345 2325 θεωρήσαντες
1393 2247 1630 2327 οἷσι-ᾖμεν
1664 2247 1798 2326 πρὸς
1829 2250 1894 2311 τὸ
1927 2245 2101 2311 ἄστυ.
2151 2246 2334 2311 Doct.
2370 2247 2625 2311 Scheibe

594 2362 715 2447 (die
771 2362 1083 2447 Oligarch.
1154 2363 1557 2449 Umwalzung
1603 2388 1679 2427 zu
1731 2364 1968 2442 Athen,
2013 2388 2072 2449 p.
2125 2368 2207 2427 68
2255 2368 2410 2449 not.)
2445 2367 2628 2431 verba

593 2482 713 2545 ista
774 2490 1059 2567 corrupta
1105 2489 1283 2567 putat
1298 2508 1317 2560 ς
1382 2483 1487 2547 sed
1546 2483 1823 2567 quisquis
1872 2462 2191 2568 epistolam
2259 2491 2490 2551 attente
2546 2485 2627 2549 le-

597 2600 788 2683 gerit,
837 2600 1191 2664 huiusmodi
1238 2601 1445 2665 sordes
1492 2624 1617 2665 non
1657 2601 1996 2666 mirabitur.
2091 2600 2276 2683 Quod
2309 2610 2512 2667 autem
2547 2603 2624 2667 ad

596 2738 725 2814 rem
795 2719 1048 2796 attinet,
1126 2728 1525 2803 opponuntur
1587 2720 1687 2783 hic
1748 2720 1863 2783 sibi
1925 2721 2324 2785 undecimviri
2395 2730 2455 2785 et
2525 2721 2623 2785 de-

598 2835 844 2899 cemviri
891 2836 1010 2913 sic,
1061 2838 1236 2919 quasi
1276 2838 1523 2921 utrique
1557 2838 1767 2902 eodem
1801 2862 2084 2916 munere,
2134 2840 2307 2904 alteri
2338 2840 2402 2904 in
2436 2841 2620 2919 urbe,

598 2954 773 3019 alteri
834 2956 900 3018 in
946 2954 1195 3033 Pirae0‚
1244 2956 1443 3019 functi
1490 2956 1633 3020 sint.
1726 2958 1919 3041 Atqui
1967 2957 2077 3020 hos
2124 2957 2304 3041 plane
2354 2957 2624 3043 dispares

598 3080 658 3136 et
705 3066 1025 3137 dissimiles
1058 3075 1220 3137 inter
1263 3098 1325 3150 se
1373 3076 1561 3139 fuisse
1606 3096 1747 3139 cum
1795 3098 1826 3139 e
1857 3098 2112 3140 numero
2145 3076 2351 3161 colligi
2383 3082 2620 3161 potest,

600 3199 739 3255 tum
786 3192 1042 3255 historia
1088 3194 1309 3277 arguit.
2139 3269 2141 3271 ,

688 3310 929 3374 Docent
974 3311 1287 3389 historici,
1340 3311 1704 3395 expugnatis
1751 3311 2046 3389 Athenis,
2081 3310 2383 3396 Lysandri
2416 3311 2624 3376 volun·

600 3436 727 3491 tate
788 3452 823 3491 a
888 3429 1115 3513 populo
1178 3437 1409 3493 creatos
1465 3448 1595 3493 esse·
1636 3430 1892 3513 triginta
1937 3430 2094 3494 viros
2143 3430 2514 3494 ordinandae
2562 3440 2623 3494 et

602 3547 902 3630 regendae
968 3547 1359 3632 reipublicae.
1444 3548 1730 3633 Xenoph.
1801 3548 1967 3611 Hell.
2039 3548 2140 3626 II,
2206 3551 2282 3626 3,
2347 3552 2420 3611 2:
2469 3547 2622 3624 ἔδοξε

600 3670 681 3747 τῷ
740 3666 901 3745 δήμῳ
945 3664 1253 3747 τριάκοντα
1299 3665 1507 3753 ἆξὺδρας
1548 3667 1795 3732 ἑλέσθαι.
1839 3667 2017 3754 ‘Rem
2082 3667 2323 3752 copiose
2385 3677 2625 3732 enarrat

600 3783 814 3867 Lysias
862 3806 913 3847 c.
964 3785 1273 3849 Eratosth.
1316 3810 1375 3871 p.
1408 3788 1553 3848 126.
1625 3785 1872 3849 Praeter
1914 3785 2025 3848 hos
2070 3783 2384 3870 Lysander
2415 3785 2621 3849 decem

602 3903 933 3986 praefectos
980 3905 1336 3989 praeposuit
1386 3905 1630 3981 Piraeo,
1671 3927 1824 3987 quos
1859 3926 1980 3967 una
2018 3927 2154 3967 cum
2179 3905 2311 3984 jllis
2347 3926 2624 3989 expresse

601 4022 878 4085 nominat
921 4022 1325 4099 PlutarchUS,
1373 4023 1517 4108 Lys.
1567 4047 1618 4087 c.
1673 4026 1788 4086 15:
1837 4024 2146 4102 τριάκοντα
2189 4024 2296 4101 μὲν
2343 4026 2399 4087 ἐν
2422 4024 2620 4101 α’ὶστει,

604 4140 742 4203 δέκα
788 4141 836 4203 δ’
861 4142 917 4204 ἐν
962 4150 1219 4215 Πειραιεῖ
1257 4142 1645 4217 καταστήσας
1693 4140 2008 4223 ἄρχοντας.
2100 4142 2326 4205 Decem
2375 4142 2484 4205 hos
2507 4142 2624 4227 Ly-

610 4256 816 4321 sandri
878 4258 1127 4322 arbitrio
1189 4258 1273 4323 ibi
1337 4260 1702 4323 constitutos
1765 4282 1894 4325 esse
1955 4282 2027 4323 ex
2089 4282 2158 4322 eo
2214 4280 2460 4346 quoque
2505 4260 2625 4325 col-
