3092 5084
1329 467 1456 528 211

389 674 583 752 trina,
638 673 741 737 alii
796 672 871 737 ab
926 673 1482 736 Alexandrinorum
1530 674 1828 758 sapientia
1859 674 2106 736 fluxisse
2131 674 2410 738 arbitrati

390 800 553 856 sunt.
587 793 633 877 ¹)
687 791 829 855 Sine
869 814 1051 855 eausa
1066 841 1085 870 ,
1120 793 1352 876 opinor.
1387 790 1463 854 In
1502 791 1750 855 Timaeo
1783 802 2016 855 creator
2048 793 2172 856 sive
2206 793 2407 876 opifex

390 911 606 975 mundi
678 910 852 974 audit
919 932 1045 975 non
1110 911 1291 975 semel
1353 912 1381 976 5
1442 913 1666 991 πατήρ,
1723 919 1792 973 ut
1838 934 1897 995 p.
1951 912 2032 972 28
2083 910 2166 974 C:
2215 914 2407 992 πατὴρ

389 1030 486 1095 καὶ
536 1031 767 1105 ποιητὴς
815 1029 979 1094 τοῦδε
1023 1035 1123 1094 τοῦ
1171 1029 1389 1100 παντός
1420 1080 1433 1095 .
1471 1052 1528 1113 p.
1566 1032 1644 1094 37
1685 1028 1771 1092 C:
1806 1031 2150 1106 ὂ“γεννήσοις
2177 1032 2405 1112 πατήρ.

391 1172 451 1234 p.
501 1150 583 1211 41
635 1150 724 1211 A:
783 1145 853 1214 ὧν
894 1149 1007 1224 ἐγὼ
1038 1149 1372 1227 δημιουργὸς
1406 1149 1600 1227 πατήρ
1631 1151 1686 1211 τ’
1717 1147 1914 1226 ἔργων.
1965 1148 2170 1213 Huius
2203 1159 2407 1213 autem

392 1290 546 1354 opus
562 1316 581 1345 ,
624 1267 973 1331 universum
1009 1267 1139 1337 sive
1170 1265 1474 1344 munduS,
1514 1267 1718 1351 ipsum
1743 1288 1986 1350 quoque
2015 1267 2215 1332 abillo
2234 1268 2412 1332 habe·

391 1395 496 1450 tur
532 1394 593 1450 et
625 1386 851 1450 dicitur
890 1387 1026 1456 θεός.
1098 1385 1197 1448 Sic
1246 1388 1326 1470 (p.
1377 1388 1458 1448 43
1494 1387 1574 1468 A)
1607 1386 1894 1470 cogitatio
1927 1385 2044 1449 Dei
2067 1386 2142 1450 de
2172 1386 2408 1450 mundo

391 1504 743 1570 fabricando
802 1504 1027 1567 dicitur
1071 1505 1352 1582 λογισμὸς
1417 1503 1568 1575 ὄντος
1633 1504 1724 1568 αἰεὶ
1787 1506 1909 1568 θεοῦ
1957 1505 2084 1584 περὶ
2131 1504 2226 1569 τόν
2278 1509 2409 1571 ποτ’

392 1624 653 1701 ἐσόμενον
699 1622 833 1690 θεόν.
927 1622 1024 1686 Ibi
1070 1625 1097 1684 ὁ
1142 1623 1214 1686 ὢν
1263 1623 1353 1686 ἀεὶ
1398 1624 1515 1693 θεὸς
1564 1631 1657 1686 est
1695 1625 1720 1686 5
1759 1625 1984 1705 πατὴρ,
2037 1623 2220 1686 huius
2256 1646 2411 1709 opus

392 1744 419 1808 5
467 1747 596 1808 ποτ’
641 1743 901 1819 ἐσόμενος
948 1740 1099 1824 θεὸς,
1152 1751 1333 1826 atque
1382 1741 1512 1818 hic,
1573 1740 1873 1806 mundum
1921 1742 2091 1819 dien,
2146 1744 2407 1806 vicissim

395 1869 485 1924 est
540 1863 769 1938 ἡγεμὼν
825 1859 1084 1923 aliorum
1137 1861 1459 1924 numinum
1522 1882 1676 1944 quae
1735 1859 1953 1924 deinde
2000 1871 2201 1924 creat-a
2245 1869 2410 1925 sunt.

395 1979 563 2041 Deus
619 1979 777 2041 enim
824 1979 852 2040 5
894 1977 1021 2042 τόδε
1066 1977 1132 2041 τὸ
1179 1981 1298 2039 πᾶν
1346 1977 1632 2052 γεννήσας
1675 1977 1760 2039 sie
1793 1975 2132 2060 alloquitur
2162 1988 2410 2041 naturas

395 2097 680 2160 coelestes
729 2094 1351 2178 quibusuniversum
1399 2101 1638 2158 constat
1685 2096 1765 2178 (p.
1815 2097 1896 2157 41
1934 2097 2044 2179 A):
2083 2097 2208 2162 Θεοὶ
2242 2097 2408 2177 θεῶν,

395 2211 465 2278 ὧν
502 2217 617 2291 ἐγὼ
653 2215 991 2294 δημιουργὸς
1039 2215 1231 2292 πκτήρ
1285 2216 1339 2276 τ’
1386 2213 1598 2293 ἔργων,
1650 2212 1710 2275 h.
1761 2235 1810 2276 e.
1859 2212 1987 2290 „dii
2038 2212 2152 2277 deo
2183 2215 2410 2297 geniti,

396 2355 654 2417 quorum
701 2355 813 2416 ego
843 2339 1014 2418 pater
1060 2344 1121 2394 et
1167 2331 1445 2394 eonditor
1488 2352 1625 2394 sum
1658 2339 1950 2414 tanquam
1982 2333 2177 2417 operis
2207 2334 2329 2397 mei
2345 2333 2409 2410 ;'’

396 2460 456 2514 et
503 2451 723 2515 deinde
768 2452 863 2514 his
902 2449 1151 2514 mandat
1191 2449 1471 2513 mortalia
1510 2472 1733 2534 genera
1771 2449 2028 2514 condere
2074 2450 2242 2534 (ibid.
2293 2450 2409 2534 D):

394 2571 459 2636 τὸ
512 2572 569 2636 δὲ
635 2573 828 2635 λοιπὸν
890 2573 1053 2646 ὑμεῖς
1113 2569 1381 2648 &emoza-90
1432 2569 1623 2642 θνητὸν
1670 2573 2152 2652 προσυφόιίνοντες
2172 2621 2187 2645 ,
2237 2572 2412 2650 οἷπερ·

396 2688 645 2770 γώζεσθε
706 2689 825 2770 ζῷα
880 2690 976 2754 καὶ
1024 2693 1270 2766 γεννᾶτε
1316 2691 1533 2770 τροφήν
1578 2714 1644 2752 τε
1693 2689 1932 2758 διδόντες
1981 2688 2266 2764 αὐξάνετε
2311 2690 2410 2753 καὶ

396 2809 672 2888 φθίνοντος
731 2808 911 2872 πάλιν
964 2808 1221 2887 δέχεσθε.
1292 2806 1456 2870 Hinc
1505 2829 1539 2870 a
1586 2815 1794 2870 nostro
1843 2807 2054 2870 effecta
2101 2815 2245 2870 sunt
2289 2807 2415 2871 duo

396 2926 537 3004 illa,
609 2927 634 2990 5
698 2927 929 3003 ἡγεμὼν
988 2931 1097 2990 τῶν
1158 2929 1215 2990 τ’
1238 2925 1405 2989 όντων
1452 2926 1552 2989 καὶ
1593 2931 1703 2989 τῶν
1743 2922 2108 3002 μελλόντων,
2156 2934 2417 3003 „auctor

398 3046 747 3110 mortalium
808 3052 1113 3128 quotquot
1164 3052 1311 3107 sunt
1366 3053 1426 3108 et
1481 3045 1691 3107 futura
1745 3053 1892 3108 sunt
1908 3045 1968 3120 ,''
2027 3044 2085 3108 h.
2143 3068 2193 3108 e.
2241 3067 2420 3108 mun-

400 3165 544 3240 dae,
616 3173 675 3227 et
736 3164 762 3226 5
821 3170 921 3228 τοῦ
991 3164 1269 3240 ἡγεμόνος
1332 3165 1557 3245 πατὴρ,
1624 3185 1898 3227 summus
1978 3163 2161 3240 deuS,
2231 3166 2257 3228 5
2319 3163 2410 3226 ἀεὶ

400 3284 489 3348 ὤν.
580 3282 781 3346 Etiam
826 3282 1193 3346 vocabulum
1234 3284 1466 3360 ἡγεμὼν
1506 3305 1541 3345 a
1583 3282 1838 3346 Platone
1871 3283 2165 3366 petitum,
2195 3283 2302 3365 qui
2327 3283 2412 3345 sic

401 3402 464 3463 in
510 3400 823 3476 Phaedro,
871 3423 929 3483 p.
982 3401 1107 3461 246
1156 3399 1241 3462 E:
1290 3401 1316 3463 5
1363 3401 1561 3478 μέγας
1609 3403 1840 3476 ἡγεμὼν
1886 3403 1943 3464 ἐν
1988 3403 2197 3480 οὐρανῷ
2245 3401 2410 3470 Ζεύς.

404 3518 496 3580 Ex
542 3518 637 3581 his
691 3517 889 3602 palam
938 3540 1066 3580 esse
1114 3516 1291 3580 eredo
1309 3567 1326 3595 ‚
1376 3518 1681 3601 quomodo
1718 3526 1923 3581 noster
1961 3540 2116 3601 quae
2147 3517 2416 3581 dilucide

405 3660 439 3700 a
467 3637 723 3700 Platone
760 3637 1031 3721 exposita
1064 3643 1241 3713 sunt,
1269 3637 1612 3699 mutilando
1639 3637 2040 3714 αἰνιγματωδῆ
2063 3636 2413 3701 reddiderit.

494 3873 706 3953 Quum
762 3873 952 3956 igitur
1017 3873 1081 3935 in
1143 3872 1426 3936 omnibus
1492 3873 1585 3936 his
1635 3872 1907 3958 epistolis
1952 3872 2271 3965 manifeste
2318 3895 2416 3957 ap-

406 4001 612 4077 pareat
673 4013 922 4055 aroanae
977 3992 1305 4076 sapientiae
1354 3991 1654 4054 affectatio
1674 4041 1689 4068 ‚
1741 3992 2008 4076 profecta
2055 3991 2130 4054 ab
2177 4014 2246 4055 ea
2293 3992 2418 4076 opi-

475 4264 523 4322 1)
561 4262 665 4312 Vid.
702 4263 970 4320 Hermann,
1006 4262 1113 4312 libr.
1150 4264 1273 4311 laud.
1311 4281 1356 4327 p.
1396 4264 1487 4311 592
1521 4279 1592 4325 sq.
1629 4279 1675 4310 n.
1712 4243 1848 4311 220.'

2054 4355 2178 4413 14*
