3092 5084
1605 475 1728 537 162

642 683 825 748 datur
869 682 1013 768 (vid.
1058 705 1242 767 supra
1280 705 1339 767 p.
1386 685 1537 768 129)
1555 732 1574 760 ‚
1617 689 1879 766 utroque
1917 689 2189 769 tempore
2213 683 2621 770 Speusippum
2639 699 2692 763 ,‘

640 805 749 887 qui
799 803 1121 866 Platonem
1170 803 1235 866 in
1281 800 1552 876 ,Siciliam
1600 803 1926 866 comitatus
1974 809 2136 881 erat,
2185 803 2445 869 Athenis
2475 805 2663 868 fuisse

638 923 845 1006 ibique
907 921 1125 986 Dionis
1186 920 1601 984 familiaritate
1665 943 1847 984 usum
1913 943 2040 985 esse
2104 945 2136 985 6
2187 921 2519 987 Plutarcho
2576 923 2664 986 di·

641 1041 901 1116 361111113,
950 1039 1133 1102 Ι)1011.
1192 1060 1243 1102 6.
1298 1041 1373 1103 17
1428 1045 1490 1101 et
1538 1041 1642 1100 22.
1701 1037 1910 1118 Quare
1953 1040 2170 1103 merito
2216 1040 2333 1104 hoc
2379 1041 2538 1105 inter
2581 1067 2663 1106 νο-

545 1231 547 1234 ,
638 1159 791 1230 θείοις
859 1157 1087 1222 indicia
1152 1157 1339 1222 habet
1408 1156 1790 1241 Wiegandus
1853 1158 1940 1241 (in
2001 1158 2106 1222 lib.
2157 1182 2342 1244 supra
2379 1160 2547 1224 laud.
2598 1183 2656 1244 p.

642 1279 783 1361 30),
850 1283 1159 1342 auctorem
1208 1281 1452 1338 secutus
1494 1274 1590 1363 M.
1645 1277 1720 1338 A.
1785 1274 2066 1354 Fischer,
2122 1277 2286 1342 Diss.
2343 1278 2417 1342 de
2471 1277 2659 1363 Speu-

640 1369 801 1481 sippi
845 1395 970 1458 vita
1015 1401 1076 1458 et
1121 1395 1379 1479 scriptis„
1467 1392 1718 1456 Rastad.
1774 1396 1966 1458 1845.

730 1511 807 1577 In
867 1513 1147 1598 Epistola
1204 1511 1405 1590 XIII,
1470 1535 1531 1597 p.
1599 1516 1725 1576 361
1775 1513 1856 1591 G,
1917 1515 2146 1578 mentio
2199 1515 2269 1578 fit
2315 1515 2388 1578 de
2435 1537 2658 1579 corona

640 1624 885 1697 Platoni
930 1632 1169 1714 oblata,
1220 1631 1325 1694 sed
1358 1632 1432 1697 ab
1466 1654 1535 1695 eo
1571 1639 1804 1716 spreta:
1855 1633 1964 1696 εἷο-ί
2011 1657 2106 1710 μοι
2129 1629 2446 1713 ἀδελφιδῶν
2473 1637 2652 1712 0227ae-

568 1742 575 1748 ”
628 1745 793 1832 Δτέρες
848 1757 958 1816 τῶν
1002 1753 1397 1816 ἀποθανουσῶν
1458 1750 1574 1814 τόθ’
1619 1750 1703 1814 ὅτ’
1749 1752 1864 1827 ἐγὼ
1910 1753 2010 1814 οὐκ
2055 1753 2494 1834 ἐστεφανούμην
2510 1803 2528 1834 ,
2580 1753 2652 1816 σύ

640 1870 791 1954 (scil.
856 1869 1211 1953 Dionysius)
1272 1867 1318 1932 δ’
1358 1868 1646 1946 ἐκέλευες,
1707 1867 1768 1931 11.
1827 1891 1879 1932 6.
1928 1891 1990 1934 eo
2037 1892 2187 1932 anno
2232 1892 2342 1954 quo
2388 1871 2654 1947 coronari

638 2011 725 2051 mc
780 2010 891 2052 non
933 2009 1151 2070 passus
1202 2009 1329 2050 sum
1343 2037 1363 2068 ,
1428 1988 1539 2050 etsi
1601 1993 1667 2050 tu
1722 1989 2066 2051 hortabcm‘s.
2159 1987 2378 2051 Mortis
2426 1989 2655 2075 puella-

638 2129 776 2170 rum
806 2115 1047 2190 tempus
1080 2105 1385 2189 designat,
1424 2127 1550 2168 non
1581 2107 1711 2170 sine
1735 2106 2082 2184 ambitione,
2111 2106 2318 2170 oblato
2340 2108 2456 2190 ipsi
2482 2129 2652 2191 prae-

640 2225 763 2288 mio
779 2251 797 2301 3
869 2223 1047 2306 quale
1094 2230 1299 2286 autem
1344 2223 1409 2288 id
1454 2224 1639 2286 fuerit
1684 2246 1808 2287 non
1855 2223 2027 2287 addit
2043 2251 2061 2302 3
2111 2224 2216 2288 sed
2263 2225 2388 2286 sive
2433 2225 2654 2287 11116111-

642 2349 823 2426 gatur
868 2365 1087 2405 corona
1132 2343 1321 2405 civica
1366 2343 1490 2406 sive
1534 2343 1817 2406 militaris
1865 2344 1989 2407 sive
2019 2343 2289 2420 ludicra,
2324 2343 2376 2405 si
2406 2343 2653 2406 Platoni

640 2452 780 2524 talis
828 2461 1023 2524 honor
1068 2461 1453 2544 contigisset,
1487 2460 1553 2523 id
1584 2469 1741 2525 certe
1772 2463 1932 2526 vitae
1961 2463 2090 2524 eius
2122 2469 2496 2525 enarratores
2527 2483 2652 2524 non

642 2577 881 2641 silentio
946 2579 1412 2661 praeteriissent.
1504 2577 1714 2658 Quare
1769 2579 2016 2656 meritc,
2074 2579 2320 2664 opinor,
2370 2586 2443 2642 ut
2495 2601 2654 2642 com·

639 2696 995 2760 menticium
1040 2703 1291 2760 notatur
1352 2697 1426 2760 ab
1490 2697 1665 2759 Astio
1681 2745 1699 2774 ,
1747 2696 2018 2760 Platon's
2065 2697 2212 2761 Leb.
2261 2720 2322 2761 u.
2369 2697 2540 2760 Schr.
2589 2721 2650 2782 p.

644 2815 790 2876 529.
873 2813 1003 2901 Sed
1050 2813 1198 2876 haec
1261 2814 1597 2892 hactenus;
1660 2836 1824 2878 nunc
1885 2814 2194 2899 paulisper
2253 2814 2330 2879 ad
2373 2814 2650 2880 Platonis

637 2930 855 2996 itinera
898 2938 1287 2996 revertamur.
