3092 5084
1626 455 1748 518 176

766 659 1053 724 Ceterum
1112 659 1279 744 quod
1339 659 1604 724 Crantor
1665 651 1842 740 dicit,
1905 660 2150 726 Platoni
2195 662 2261 726 id
2307 663 2382 728 ab
2422 663 2685 746 aequali-

677 779 792 844 bus
839 779 971 863 (ὑπὸ
992 785 1103 844 τῶν
1132 778 1289 864 τότε)
1314 779 1620 865 objectum
1649 779 1838 844 fuisse
1855 830 1874 859 ,
1908 803 2128 866 parum
2157 781 2480 846 verisimile
2510 787 2682 867 puto.

675 897 741 962 Si
792 897 1067 963 Platonis
1122 896 1405 983 aequales
1452 898 1583 964 eius
1629 898 1915 964 laudibus
1975 901 2315 966 obtrectare
2371 908 2554 984 atque
2599 901 2690 966 in-
2756 915 2778 946 Ι

672 1018 1021 1082 ventionem
1100 1015 1361 1082 Politiae
1422 1018 1479 1082 ei
1538 1019 1839 1103 surripere
1898 1019 2236 1084 voluissent
2250 1069 2269 1098 ,
2330 1019 2502 1084 issam
2561 1041 2688 1084 non

673 1134 1038 1220 descriptam
1082 1157 1214 1200 esse
1260 1135 1558 1200 dixissent
1604 1136 1680 1200 ab
1711 1136 2156 1223 Aegyptiorum
2186 1138 2485 1202 institutis
2499 1187 2520 1217 ,
2554 1136 2687 1222 qui-

671 1254 931 1320 buscum
991 1277 1117 1318 non
1178 1255 1298 1318 nisi
1358 1277 1554 1340 pauca
1617 1255 1712 1320 illi
1771 1262 1942 1320 erant
1996 1257 2373 1336 communia,
2430 1256 2536 1322 sed
2581 1277 2686 1341 po-

667 1374 791 1438 tius
855 1396 891 1438 a
948 1373 1216 1458 Lycurgi
1274 1373 1515 1458 legibus
1577 1374 2137 1461 Spartanorumque
2191 1383 2253 1440 et
2297 1376 2681 1441 Cretensium

664 1492 985 1557 institutis,
1057 1492 1310 1573 Quanta
1358 1494 1518 1557 enim
1567 1493 1903 1562 similitudo
1952 1494 2046 1558 his
2099 1518 2237 1561 cum
2282 1495 2556 1558 Platonis
2603 1495 2682 1557 ci-

552 1595 555 1612 '
664 1613 853 1677 vitate
896 1612 1233 1676 intercedat
1252 1661 1272 1690 ,
1328 1611 1425 1676 vel
1471 1635 1543 1677 ex
1570 1635 1640 1676 eo
1671 1620 1920 1698 apparet
1936 1663 1956 1692 ,
1981 1613 2149 1698 quod
2171 1613 2285 1678 viri
2307 1613 2474 1678 docti
2505 1612 2681 1676 dubii

665 1731 943 1809 haerent,
989 1736 1198 1794 utrum
1264 1731 1706 1814 Aristophanes
1759 1730 1824 1795 in
1879 1731 2310 1796 Ecclesiazusis
2356 1731 2680 1817 Spartano-

664 1873 802 1914 rum
846 1850 1133 1914 instituta
1199 1871 1278 1915 an
1347 1849 1626 1914 Platonis
1699 1850 2004 1914 civitatem
2051 1849 2318 1914 deridere
2364 1851 2426 1914 in
2475 1850 2676 1914 animo

664 1968 978 2033 habuerit:
1036 1991 1177 2032 cum
1221 1968 1501 2052 utrisque
1546 1969 1710 2034 enim
1741 1992 1812 2032 ea
1842 1991 2025 2053 quam
2058 1969 2324 2032 comicus
2356 1969 2443 2032 ibi
2476 1968 2676 2052 pingit

663 2088 992 2153 mulierum
1054 2087 1265 2150 civitas
1314 2087 1543 2172 optime
1591 2089 1892 2152 convenit.
1984 2087 2206 2172 Itaque
2255 2088 2462 2173 potius
2494 2086 2674 2150 credo

662 2208 842 2271 istam
917 2205 1328 2270 narrationem
1402 2205 1712 2269 inventam
1779 2228 1910 2270 esse
1955 2206 2031 2271 ab
2091 2206 2296 2291 aliquo
2360 2204 2673 2270 Crantoris

662 2325 1043 2410 aequalium,
1093 2346 1215 2408 quo
1261 2323 1417 2386 ratio
1468 2323 1601 2388 dari
1645 2331 1880 2408 posset,
1938 2347 2047 2388 cur
2089 2324 2266 2388 Plato
2312 2324 2378 2388 in
2421 2323 2670 2387 Timaeo

661 2445 874 2529 priscis
921 2443 1399 2508 Atheniensibus
1444 2443 1677 2508 tribuat
1720 2466 1790 2526 ea
1826 2443 2110 2507 instituta
2149 2465 2304 2527 quae
2340 2443 2669 2528 Aegyptio-

660 2586 799 2626 rum
850 2531 1107 2648 propria⁹
1149 2560 1515 2626 haberentur
1569 2583 1844 2646 quaeque
1897 2561 2028 2647 ipse
2088 2583 2200 2646 pro
2246 2569 2418 2646 parte
2463 2561 2530 2624 in
2562 2572 2670 2627 Ilo-

659 2682 879 2746 λιτείαν
918 2681 1259 2765 recepisset.

750 2799 1036 2863 Ceterum
1078 2821 1151 2862 ex
1196 2798 1293 2861 his
1339 2804 1624 2884 apparet,
1669 2820 1796 2863 non
1835 2796 2040 2861 deesse
2079 2797 2325 2881 quidem
2362 2799 2430 2862 in
2468 2798 2668 2862 Plato-

659 2920 753 2982 nis
792 2917 965 2982 libris
1006 2916 1260 3000 vestigia
1303 2916 1466 2981 unde
1517 2915 1672 2980 effl'ci
1701 2916 1812 2986 ,vel
1857 2916 2006 3000 fingi
2056 2916 2300 2980 licuerit
2344 2939 2486 2981 eum
2531 2915 2667 2980 Ori-

658 3041 859 3098 entem
919 3034 1137 3098 adiisse
1152 3083 1171 3111 ,
1232 3039 1396 3098 certa
1455 3039 1657 3096 tamen
1721 3031 1905 3096 huius
1951 3033 2450 3117 peregrinationis
2509 3034 2663 3098 indi·

656 3154 749 3218 cia
803 3154 868 3217 in
912 3153 1153 3237 scriptis
1199 3134 1329 3215 eius
1374 3173 1497 3214 non
1544 3157 1797 3215 exstare.
1890 3149 2076 3231 Quod
2121 3159 2324 3216 autem
2370 3151 2448 3216 ad
2491 3153 2660 3218 testi-

656 3273 860 3338 monia
945 3271 1163 3335 attinet
1242 3292 1398 3354 quae
1457 3269 1639 3333 modo
1693 3269 2004 3348 recensui,
2081 3270 2132 3334 si
2193 3271 2620 3356 perpendimus
2637 3321 2656 3350 ,

654 3389 952 3475 primum,
1014 3395 1234 3453 testem
1296 3388 1619 3472 antiquum
1673 3394 1734 3452 et
1792 3386 2154 3474 locupletem
2219 3387 2292 3453 de
2354 3389 2656 3475 Aegyptio

653 3509 869 3574 itinere
918 3529 1043 3573 non
1089 3514 1349 3585 exstare,
1395 3505 1614 3570 deinde
1630 3555 1649 3584 ,
1694 3506 1944 3570 seriores
1999 3508 2104 3590 qui
2150 3506 2226 3571 de
2271 3530 2342 3572 eo
2386 3510 2658 3573 referunt

651 3649 774 3712 quo
819 3628 1063 3711 longius
1110 3649 1159 3690 a·
1191 3625 1466 3689 Platonis
1512 3631 1786 3710 tempore
1829 3623 2093 3704 distant,
2143 3627 2562 3712 eoxcopiosius
2594 3635 2656 3692 et

646 3743 932 3810 disertius
987 3743 1063 3808 de
1124 3743 1221 3808 his
1282 3742 1486 3826 loqui,
1555 3765 1624 3806 ea
1677 3764 1816 3807 vero
1863 3742 2086 3828 partim
2130 3765 2256 3808 non
2301 3745 2654 3809 convenien-
2748 3823 2762 3838 ,

644 3865 733 3928 tia
794 3887 921 3928 esse
998 3863 1220 3949 partim
1283 3862 1511 3932 fictitiax
1559 3868 1620 3926 et
1679 3861 1920 3946 inepta,
1995 3861 2335 3948 Epistolam
2414 3871 2649 3944 autem,

642 3983 819 4046 cuius
872 3983 1129 4066 scriptor
1175 3987 1334 4045 certe
1382 3963 1850 4064 antiquissimus
1895 3981 2068 4044 testis
2115 3988 2234 4060 est,
2283 3983 2369 4046 ita
2413 3983 2488 4046 de
2533 3982 2649 4047 hoc

642 4102 859 4166 itinere
904 4100 1107 4178 silere,
1154 4107 1227 4164 ut
1266 4093 1425 4163 illud
1468 4097 1716 4184 penitus
1769 4099 2077 4183 ignorasse
2131 4099 2440 4164 videatur:
2504 4100 2646 4166 inde

644 4221 911 4305 profecto
958 4220 1239 4304 colligere
1293 4218 1475 4294 licet,
1539 4239 1958 4301 quaecumque
2012 4217 2087 4282 de
2119 4241 2188 4282 ea
2215 4243 2279 4284 re
2318 4207 2646 4285 traduntur
