3092 5084
1364 485 1481 546 197

424 693 535 756 hac
582 691 903 776 disciplina
951 711 1106 773 quae
1168 687 1716 773 Epistolographus
1764 687 1913 751 dicit
1967 711 2107 752 eum
2161 686 2436 750 Platonis

420 811 697 877 doctrina
740 809 815 875 de
861 809 1176 874 dialectica
1224 829 1662 892 comparemus,

508 1045 777 1132 Scriptor
835 1052 1041 1109 noster
1103 1044 1227 1108 duo
1289 1043 1613 1127 distinguit
1671 1065 1894 1127 genera
1909 1091 1928 1120 ‚
1992 1047 2059 1108 τὸ
2120 1043 2178 1108 ὅν
2196 1094 2213 1121 ,
2264 1044 2432 1128 quod

422 1166 604 1230 etiam
662 1165 730 1228 τὸ
788 1164 851 1229 τί
893 1162 1191 1249 appellat,
1242 1168 1303 1226 et
1347 1161 1412 1225 τὸ
1459 1159 1614 1225 ποῖόν
1658 1186 1744 1242 τι,
1797 1183 2056 1245 quorum
2103 1162 2293 1226 altero
2340 1185 2434 1227 res

421 1282 696 1347 sensibus
742 1281 1046 1367 subjectas
1093 1280 1394 1364 significat
1410 1330 1427 1357 ‚
1476 1279 1668 1343 altero
1722 1301 1925 1344 rerum
1955 1280 2140 1345 ideas·
2208 1283 2264 1343 A
2295 1280 2432 1344 Pla·

420 1407 562 1464 tone
624 1407 829 1464 autem
891 1399 1004 1462 hoc
1066 1421 1246 1463 sensu
1306 1400 1425 1462 ista
1488 1397 1782 1500 vocabula
1840 1420 1962 1462 non
2018 1407 2429 1483 usurpantur:

419 1518 743 1604 distinguit
818 1519 921 1582 ille
1000 1517 1247 1603 quidem
1324 1517 1654 1601 aliquando
1725 1517 1866 1584 ποιά
1943 1514 2108 1583 ἄττα
2179 1525 2240 1581 et
2307 1518 2433 1583 αὔθ’

416 1637 646 1704 ἕκαστα.
706 1637 791 1702 sie
852 1645 948 1703 ut.
976 1659 1154 1719 qenm
1200 1643 1259 1700 et
1303 1637 1544 1719 speciem
1563 1664 1582 1699 .·
1629 1636 1797 1701 velut
1837 1635 2022 1717 τέχνη
2071 1637 2224 1712 αὐτή
2270 1657 2432 1702 com-

418 1756 706 1842 plectitur
752 1777 961 1820 omnes
1009 1763 1200 1835 arteS,
1247 1753 1429 1835 τέχνη
1476 1779 1566 1826 τις
1605 1754 1731 1818 sive
1777 1753 1915 1818 ποιά
1960 1777 2048 1825 τις
2096 1760 2187 1817 est
2235 1776 2362 1818 una
2397 1778 2430 1818 e

417 1874 663 1952 multiS‚
712 1874 882 1938 velut
925 1873 1238 1950 οἰκοδομική
1284 1871 1383 1956 (de
1426 1870 1578 1956 Rep.
1621 1871 1749 1949 IV,
1799 1897 1861 1958 p.
1911 1875 2098 1957 438);
2133 1893 2258 1937 non
2289 1895 2430 1940 vero

415 1992 747 2079 generatim
805 1991 900 2055 his
957 1990 1153 2055 verbis
1201 1992 1399 2056 utitur
1444 1997 1736 2076 tanquam
1781 1991 2058 2056 formulis
2107 1991 2232 2056 sive
2277 1998 2432 2056 cate-

414 2110 601 2195 goriis
665 2108 887 2194 quibus
947 2108 1030 2172 τὰ
1087 2110 1261 2182 νοητά
1319 2115 1380 2172 et
1425 2109 1505 2173 τὰ
1552 2107 1798 2184 αἰσθητοὶ
1844 2109 2260 2194 designentur.
2352 2107 2430 2174 Id

414 2229 647 2315 primus
693 2227 837 2292 fecit
882 2227 1243 2306 Aristoteles
1259 2276 1278 2305 ,
1326 2226 1603 2313 Metaph.
1649 2227 1779 2306 IV,
1830 2229 1948 2292 28:
1998 2227 2073 2292 τὸ
2118 2223 2298 2300 εἶδος
2328 2227 2426 2292 καὶ

414 2350 451 2423 ἦ
510 2345 639 2422 ὕλη
691 2346 874 2428 ἕτερον
916 2348 997 2427 τῷ
1041 2345 1194 2424 γένει
1210 2395 1225 2420 ,
1274 2346 1371 2410 καὶ
1419 2343 1530 2411 ὅσα
1575 2344 1702 2411 καθ’
1748 2343 1932 2427 ἕτερον
1974 2356 2194 2427 σχῆμα.
2251 2370 2429 2421 κατη-

413 2465 609 2545 γορίαις
664 2471 765 2530 τοῦ
825 2463 977 2536 ὄντος
1036 2464 1309 2546 λέγεται,
1360 2465 1440 2529 τὰ
1484 2465 1592 2541 μὲν
1635 2464 1755 2546 γὰρ
1810 2465 1885 2530 τί
1942 2467 1972 2530 ε’
1986 2489 2101 2530 στι
2163 2465 2429 2544 σημαίνει

412 2589 519 2648 τῶν
564 2582 732 2648 ὄντων
751 2635 768 2658 ,
815 2582 899 2647 τὰ
944 2582 1001 2647 δὲ
1047 2581 1246 2648 ποῖόν
1289 2607 1353 2648 τι
1470 2582 1757 2648 Ceterum
1805 2583 2162 2648 Aristoteles
2195 2605 2430 2669 semper

409 2701 559 2766 dicit
604 2703 670 2766 τὸ
718 2702 779 2766 τί
823 2701 984 2781 ἔστι,
1032 2700 1127 2764 vel
1172 2701 1239 2766 τὸ
1279 2701 1334 2765 τὶ
1386 2696 1450 2775 ἦν
1492 2698 1638 2767 εἶναι
1655 2751 1672 2784 ,
1709 2723 2043 2786 numquam
2075 2702 2428 2786 simpliciter

409 2828 481 2886 ut
524 2827 730 2884 noster
774 2822 840 2883 τὸ
885 2819 962 2884 τί.
992 2818 1041 2903 1)
1098 2818 1313 2897 Plato,
1364 2827 1437 2883 ut
1482 2825 1622 2884 ante
1668 2820 1964 2898 vidimus,
2014 2821 2138 2886 duo
2184 2821 2293 2886 illa
2328 2844 2427 2906 ge-

408 2960 553 3004 nera
597 2937 859 3024 appellat
896 2939 978 3002 τόι
1029 2937 1167 3002 ὄντα
1214 2947 1276 3002 et
1318 2939 1402 3003 τὰ
1446 2938 1701 3016 γεννητοὶ
1716 2988 1732 3011 .
1777 2941 1843 3005 τὸ
1887 2938 1946 3004 ἕν
1993 2947 2054 3004 et
2097 2939 2179 3005 τὰ
2225 2940 2426 3006 πολλοὶ

408 3057 662 3141 aliisque
714 3056 1087 3121 nominibus.
1122 3069 1129 3075 '

497 3175 681 3238 Porro
725 3174 1115 3259 philosophia
1160 3182 1438 3240 versatur
1484 3175 1550 3238 in
1596 3175 1948 3260 cognitione
1988 3182 2098 3241 τῶν
2121 3175 2320 3254 ὄντων,
2345 3176 2424 3240 ad

403 3316 585 3377 quam
652 3292 1058 3377 cognitionem
1120 3292 1246 3358 dux
1306 3304 1397 3358 est
1442 3294 1779 3359 dialectica.
1833 3294 2030 3376 Quale
2078 3304 2281 3360 autem
2331 3304 2422 3360 est
2493 3289 2498 3296 ¹

404 3411 742 3476 secundum
800 3410 1120 3476 Platonem
1181 3411 1533 3488 dialectices
1589 3413 1862 3477 munus?
1953 3414 2090 3478 Hoc
2154 3415 2421 3501 positum

404 3537 497 3594 est
568 3530 827 3595 maxime
887 3529 953 3594 in
1016 3530 1277 3611 διαιρέσει
1340 3540 1399 3594 et
1460 3531 1780 3614 ξυναγωγῇ
1797 3583 1810 3608 ,
1880 3541 1952 3596 ut
2009 3533 2075 3597 in
2142 3534 2419 3598 Phaedro

402 3649 613 3726 docet,
653 3671 714 3733 p.
750 3648 875 3712 265
910 3647 1183 3712 E—266
1216 3649 1287 3713 B.
1308 3651 1354 3735 2)
1400 3629 1612 3730 Quum
1642 3673 1750 3736 per
1779 3653 2128 3716 universum
2159 3661 2410 3738 pateant

403 3768 550 3831 haec
594 3767 752 3844 duc,
784 3767 851 3831 τὸ
889 3763 947 3851 ἓν
992 3773 1054 3832 et
1095 3769 1179 3832 τὰ
1224 3768 1421 3851 πολλός
1440 3819 1457 3840 ,
1505 3770 1704 3833 unitas
1748 3778 1809 3834 et
1853 3771 2140 3848 varietas,
2190 3769 2418 3836 dialec-

400 3887 549 3950 tices
609 3905 835 3950 munus
890 3893 981 3950 est
1025 3887 1091 3950 τὸ
1136 3887 1298 3952 κατὰ
1343 3888 1481 3962 γένη
1538 3887 1865 3967 διαιρεῖσθαι
1929 3895 2114 3972 atque
2168 3888 2418 3953 demon-

478 4187 523 4246 1)
561 4185 668 4234 Vid.
687 4185 1092 4252 Trendelenburg,
1110 4187 1281 4237 Gesch.
1302 4187 1349 4236 d.
1367 4188 1808 4251 Kategorienlehre.
1823 4188 1955 4238 Berl-
1976 4188 2122 4238 1846.
2154 4205 2202 4253 p.
2221 4187 2414 4236 34—52

470 4281 519 4342 2)
554 4280 629 4329 cf.
664 4295 756 4329 van
789 4280 981 4330 Heusde
1000 4319 1015 4341 ,
1056 4281 1164 4332 tuit.
1200 4283 1326 4332 Phil.
1362 4282 1552 4333 Platon.
1590 4283 1656 4333 11.
1727 4284 1841 4332 Pars
1873 4284 1950 4342 11,
1985 4299 2032 4348 p.
2070 4283 2183 4333 101.
