3092 5084
1601 463 1638 522 8

616 675 687 730 ut
755 667 830 730 ad
911 667 1379 751 Morgensternii
1459 669 1821 732 sententiam
1889 669 2155 732 redirent
2232 675 2414 752 atque
2488 677 2617 733 tota

568 761 595 784 W

614 786 890 868 quaestio
951 786 1017 850 in
1079 787 1340 851 eundem
1398 787 1520 852 fere
1581 788 1989 852 revolveretur
2035 786 2261 853 statum
2310 812 2430 873 quo
2478 798 2617 854 ante

613 903 1008 968 Meinersium
1057 905 1201 989 fuit.
1234 907 1279 989 ¹)

703 1021 860 1086 Ecce
905 1045 1045 1087 vero
1091 1047 1287 1108 nuper
1331 1032 1575 1089 exortus
1622 1032 1715 1088 est
1758 1025 1848 1088 vir
1893 1025 2150 1088 illustris
2168 1075 2186 1104 ,
2230 1026 2336 1109 qui
2366 1026 2619 1090 labefac-

615 1146 800 1204 tatam
846 1141 1259 1226 Epistolarum
1306 1142 1486 1208 fidem
1532 1144 1851 1208 restituere
1896 1151 1988 1207 est
2033 1151 2305 1208 conatus,

685 1385 732 1446 1)
767 1384 922 1434 Lubet
968 1383 1044 1432 hic
1091 1398 1326 1448 apponere
1369 1383 1599 1434 nonnulla
1650 1383 1745 1432 VV.
1780 1384 1887 1434 DD.
1927 1383 2133 1446 judicia,
2184 1385 2264 1449 qui
2308 1385 2510 1434 strictim
2562 1386 2619 1434 de

617 1480 833 1529 Platonis
867 1478 1095 1544 Epistolis
1129 1479 1408 1528 sententiam
1443 1478 1683 1528 dixerunt.

681 1575 914 1634 Niebuhr,
947 1575 1084 1624 Rom.
1119 1575 1288 1624 Geseh.
1323 1573 1490 1636 (1827)
1535 1576 1577 1623 Ι.
1612 1591 1657 1639 p.
1694 1575 1771 1624 18.
1821 1575 1881 1624 ob
1927 1574 2174 1625 historicas
2218 1575 2425 1626 rationes
2466 1575 2619 1641 Epist.

620 1672 710 1719 VII
755 1670 962 1734 spuriam
1007 1669 1177 1728 habet3
1223 1685 1507 1733 quamquam
1554 1671 1679 1733 quod
1721 1670 1789 1718 ibi
1832 1671 1969 1720 affert
2000 1676 2355 1736 argumentum,
2393 1672 2450 1720 de
2484 1687 2619 1740 11888-

618 1766 731 1814 bulo
765 1763 934 1817 ἰταλὶα
983 1767 1092 1829 post
1136 1765 1456 1832 Alexandrum
1501 1765 1691 1815 demum
1736 1766 1827 1814 hoc
1860 1781 1999 1815 sensu
2036 1771 2282 1830 usurpato,
2322 1767 2491 1815 falsum
2520 1769 2595 1814 est
2610 1803 2625 1824 ,

622 1867 674 1910 ut
707 1861 870 1910 docuit
905 1861 1234 1918 Hei-mannus,
1270 1841 1534 1926 System⁵d.
1568 1860 1691 1910 Plat.
1725 1861 1839 1926 phil.
1873 1877 1919 1926 p.
1958 1861 2067 1912 591.
2101 1866 2173 1911 n0.
2208 1860 2319 1910 213.
2403 1867 2411 1876 '

689 1957 913 2016 Brandis,
946 1957 1100 2006 Diatr.
1136 1957 1194 2006 de
1226 1957 1414 2020 deperd.
1449 1953 1597 2006 Arist
1630 1957 1739 2007 libr.
1764 1957 1821 2006 de
1843 1958 1975 2007 ideis.
1998 1958 2153 2008 Bonn.
2180 1957 2321 2006 1823.
2342 1973 2389 2022 p.
2416 1957 2475 2006 2:
2512 1958 2622 2020 „qui

621 2053 681 2100 ad
731 2051 958 2116 mysteria
1006 2051 1193 2101 scholae
1241 2051 1492 2113 (Platonis)
1537 2056 1828 2118 provocant,
1877 2052 2157 2102 testimoniis
2208 2052 2426 2101 nituntur
2474 2052 2623 2117 ipsius

623 2147 836 2197 Platonis
867 2151 952 2196 aut
983 2148 1140 2197 minus
1172 2147 1428 2197 intellectis
1459 2151 1544 2197 aut
1578 2148 1839 2213 depromtis
1870 2164 1925 2197 ex
1948 2147 2175 2212 Epistolis
2197 2148 2386 2196 Platoni
2410 2146 2527 2197 falso
2542 2147 2622 2211 ad-

623 2241 858 2308 seriptis.'’
891 2243 1020 2292 Idem
1048 2243 1306 2292 arbitratur
1327 2243 1713 2308 'l'rendelenburg
1728 2281 1741 2302 ,
1767 2243 1889 2293 Plat.
1914 2244 1972 2293 de
1996 2243 2136 2293 ideis.
2159 2243 2285 2310 Lips.
2312 2243 2454 2292 1826.
2472 2243 2623 2307 princ.

689 2337 976 2396 Stallbaum,
1028 2339 1245 2389 Prooem.
1293 2339 1352 2388 ad
1403 2338 1527 2389 Plat.
1577 2340 1745 2404 Remp.
1797 2340 1964 2401 (1827)
2009 2356 2058 2404 p.
2091 2339 2271 2390 LXIV:
2323 2339 2508 2398 „Erunt
2541 2339 2623 2404 qui

625 2432 766 2496 hujus
815 2433 951 2496 (vn)
995 2433 1236 2498 Epistulae
1284 2434 1424 2493 fidem
1475 2435 1613 2484 malis
1660 2435 2007 2500 suspicionibus
2058 2435 2339 2485 labefactare
2387 2435 2622 2484 studeant.

625 2527 776 2588 Mihi,
825 2528 867 2576 si
916 2527 1014 2577 ulla
1061 2544 1224 2578 earum
1267 2529 1591 2594 Epistularum
1635 2545 1753 2594 quae
1797 2529 1941 2595 vulgo
1988 2529 2176 2580 Platoni
2208 2529 2485 2580 tribuuntur
2526 2545 2627 2594 ger·

625 2640 766 2674 mana
797 2629 892 2683 est,
927 2624 1042 2674 11888
1073 2629 1202 2675 88118
1234 2625 1516 2691 philosopho
1550 2642 1646 2677 non
1678 2627 1873 2691 indigna
1904 2626 2135 2677 videtur.”

695 2723 758 2770 H.
806 2721 979 2780 Ritter‚
1030 2722 1198 2773 Gesch.
1243 2723 1290 2773 d.
1333 2723 1457 2773 Phil.
1499 2723 1669 2785 (1830)
1715 2724 1779 2773 ΙΙ.
1828 2739 1873 2788 p.
1921 2725 2030 2773 156.
2092 2724 2165 2772 De
2200 2722 2411 2772 Platonis
2444 2721 2625 2770 itineri-

628 2819 715 2867 bus
749 2819 796 2866 in
833 2818 1038 2867 Siciliam
1072 2819 1274 2882 loquens
1303 2819 1452 2869 dicit:
1503 2819 1676 2880 „Diese
1709 2821 2035 2884 Erzahlungen
2073 2819 2225 2868 haben
2258 2819 2363 2868 eine
2396 2819 2507 2868 sehr
2540 2835 2625 2866 un-

629 2915 809 2964 sichere
841 2915 1198 2980 Beglaubigung
1244 2932 1302 2966 an
1347 2915 1454 2966 dem
1489 2916 1845 2976 Briefwechsel,
1892 2916 2091 2966 welcher
2124 2915 2351 2965 zwischen
2386 2915 2493 2964 dem
2528 2913 2630 2963 Pla-

630 3015 746 3070 ton,
786 3011 894 3060 dem
921 3009 1127 3074 ji'mgern
1160 3011 1442 3075 Dionysias,
1477 3011 1584 3062 dem
1617 3013 1745 3062 Dion
1779 3012 1877 3061 und
1909 3011 2093 3076 einigen
2127 3011 2255 3060 ihrer
2289 3011 2505 3060 Freunde
2538 3009 2629 3058 soll

631 3105 984 3170 stattgefunden
1018 3106 1196 3166 haben3
1231 3106 1353 3156 deun
1389 3124 1472 3156 8118
1505 3107 1657 3158 dieser
1690 3108 1859 3174 Quelle
1892 3107 2033 3158 allein
2068 3107 2170 3156 sind
2204 3107 2280 3156 die
2312 3106 2629 3156 Nachriehten
2669 3133 2671 3138 ·

633 3203 714 3251 der
731 3203 976 3266 ‘Spateren
1023 3203 1250 3266 gefiosscn
1301 3203 1369 3266 (in
1420 3202 1510 3252 hoc
1558 3204 1712 3252 virum
1759 3204 1955 3253 doctum
2004 3219 2161 3252 errare
2194 3203 2319 3251 infra
2352 3202 2629 3262 ostendam).

633 3299 745 3346 Nun
779 3299 842 3348 ist
875 3315 925 3347 es
957 3298 1090 3348 1118111
1123 3315 1180 3348 zu
1213 3298 1509 3360 bezweifeln,
1557 3299 1661 3349 dass
1703 3299 1794 3349 alle
1839 3299 1917 3348 die
1950 3299 2072 3348 noch
2107 3298 2435 3348 vorhandeuen
2472 3298 2629 3347 Briet'e

635 3395 810 3444 unecht
855 3395 977 3445 sind.
1041 3395 1179 3446 Doch
1223 3395 1329 3444 sind
1375 3395 1442 3444 sie
1487 3412 1571 3445 zur
1604 3396 1978 3460 Vertheidigung
2011 3396 2091 3444 des
2124 3395 2295 3470 Platon
2328 3369 2629 3458 =geschrieben

636 3490 734 3539 und
767 3507 935 3554 mogen
970 3489 1072 3540 sich
1104 3491 1248 3543 daher
1279 3491 1404 3540 wohl
1437 3507 1544 3540 zum
1579 3491 1718 3540 Theil
1750 3492 1837 3541 auf
1863 3491 2156 3540 'Phatsachen
2190 3489 2423 3540 atiitzen;'’

700 3585 852 3646 Hase,
885 3586 1085 3636 Journal
1120 3587 1200 3636 des
1233 3588 1457 3646 Savants,
1495 3587 1648 3646 1836,
1682 3587 1868 3651 p.478,
1888 3586 1959 3636 ita
1985 3581 2189 3651 judicat:
2223 3586 2290 3644 „il
2322 3590 2396 3635 est
2425 3601 2633 3635 reconna

633 3679 917 3742 aujourdbui
952 3695 1042 3743 que
1075 3680 1143 3730 les
1176 3681 1340 3730 lettres
1383 3679 1623 3731 nommees
1656 3681 1980 3744 Socratiques,
2024 3680 2141 3730 celle
2174 3695 2264 3744 que
2296 3679 2393 3728 l’on
2428 3679 2634 3729 attribue

635 3775 664 3823 8
699 3775 933 3834 Phalaris,
967 3773 998 3824 8
1027 3773 1239 3842 Diogene
1271 3777 1317 3825 18
1351 3777 1593 3842 Cynique,
1626 3776 1656 3827 8
1688 3777 1891 3835 Β1111118,
1924 3757 1954 3825 8
1986 3775 2219 3840 plusieurs
2240 3780 2397 3824 autres
2421 3774 2633 3823 hommes

636 3869 840 3919 celebres
889 3869 1124 3920 8111811881
1164 3869 1195 3920 8
1241 3871 1355 3922 1’81·8
1405 3873 1615 3936 vulgaire
1664 3876 1773 3921 sont
1822 3875 1983 3922 tontes
2015 3869 2283 3936 supposees.
2348 3872 2437 3921 Les
2470 3871 2633 3920 lettres

637 3965 714 4028 qui
750 3965 956 4016 existent
987 3982 1099 4015 sous
1143 3966 1187 4016 18
1232 3984 1343 4017 118111
1394 3968 1451 4018 118
1501 3968 1667 4017 Ρ181811
1711 3972 1797 4017 8111
1838 3966 1915 4018 ete
1964 3967 2321 4032 probablement
2364 3964 2635 4031 composees

637 4075 729 4123 peu
779 4061 838 4108 de
887 4065 1040 4125 temps
1089 4059 1223 4125 apres
1270 4077 1321 4110 88
1370 4065 1496 4112 mort
1543 4078 1629 4127 par
1677 4063 1881 4138 quelque
1926 4061 2204 4126 philosophe
2248 4063 2305 4111 de
2338 4077 2421 4111 son
2456 4060 2633 4110 ecole.'’

707 4154 748 4202 E
789 4155 1082 4204 nostratibus
1119 4156 1391 4205 nominandi
1435 4156 1825 4220 Wyttenbachius
1858 4157 1916 4206 ad
1951 4157 2189 4205 Phaedon.
2226 4172 2273 4221 p.
2310 4156 2405 4204 108
2450 4156 2631 4218 (1810).

638 4249 712 4297 De
747 4248 1023 4310 Phaedone,
1057 4250 1199 4310 dicit,
1245 4251 1658 4316 „antiquissimum
1692 4255 1764 4301 est
1798 4251 2124 4300 testimonium
2157 4251 2305 4316 ipsius
2336 4251 2551 4302 Platonis
2582 4252 2633 4300 in
