3092 5084
1595 463 1719 524 250

1605 668 1715 732 IV.

745 902 1159 987 Epistularum
1192 904 1659 986 ‘Platonicarum
1708 904 1901 968 VII¹¹'¹¹
1948 913 2152 969 statuo
2201 928 2327 968 esse
2374 905 2667 988 antiquis-

654 1021 901 1099 simam,
951 1030 1177 1086 ceteras
1222 1023 1539 1108 plerasque
1587 1047 1660 1087 ex
1706 1023 1820 1086 hoc
1865 1023 2034 1087 velut
2077 1024 2243 1087 fonte
2289 1045 2616 1086 emanasse.

1607 1259 1685 1325 V.

740 1493 1051 1558 Immerito
1098 1496 1487 1561 Hermannus
1534 1497 1611 1560 de
1652 1497 1925 1561 Platonis
1950 1497 2434 1581 peregrinatione
2457 1497 2660 1584 Mega-

649 1613 810 1676 rensi
870 1613 957 1676 sic
1013 1614 1279 1698 judicat:
1329 1615 1569 1692 „dieser
1617 1615 1980 1680 Aufenthalt
2024 1616 2090 1712 ip
2136 1615 2387 1699 Megara
2434 1638 2552 1680 war
2597 1638 2660 1678 es

648 1754 801 1815 ganz
844 1733 1229 1816 vorziiglich,
1279 1733 1385 1796 der
1430 1733 1609 1797 Plato
1655 1735 1768 1798 mit
1806 1734 1946 1798 dem
1993 1734 2399 1818 eigentlichen
2431 1733 2658 1796 Stande

649 1849 757 1912 der
817 1849 1208 1914 Griechische
1255 1851 1648 1936 Speculation
1667 1902 1686 1930 ,
1749 1852 1875 1916 und
1930 1851 2305 1936 demgemass
2359 1852 2472 1915 mit
2517 1851 2657 1915 dem

648 1969 890 2033 wahren
950 1969 1344 2034 Bediirfnisse
1406 1970 1511 2034 des
1579 1971 2111 2056 philosophischen
2180 1970 2417 2034 Geistes
2465 1972 2660 2033 seiner

650 2086 780 2150 Zeit
825 2088 1014 2152 naher
1062 2089 1330 2154 bekannt
1374 2089 1678 2153 machte.”
1745 2089 1890 2153 Vid.
1939 2089 2078 2153 libr.
2128 2087 2295 2152 laud.
2346 2110 2404 2172 p.
2455 2090 2559 2150 46.

1599 2325 1713 2391 VI.

742 2565 1060 2630 Assentior
1117 2565 1605 2649 Morgensternio
1623 2613 1641 2640 ‚
1691 2563 1766 2626 de
1811 2562 2053 2626 Platon.
2100 2561 2250 2646 Rep.
2299 2585 2359 2645 p.
2412 2563 2490 2625 73
2531 2583 2662 2644 sqq.

654 2683 1125 2767 Aristophanem
1172 2683 1239 2747 in
1289 2682 1725 2746 Ecclesiazusis
1771 2681 1974 2744 risisse
2019 2679 2292 2743 Platonis
2337 2680 2663 2743 Πολιτείαν.

1585 2918 1733 3018 vn.

744 3155 969 3221 Errant
1030 3157 1137 3240 qui
1196 3157 1327 3228 τοὺς
1383 3155 1584 3220 ἕνδεκα
1646 3149 1760 3219 sub
1821 3154 2076 3240 triginta
2137 3152 2411 3236 tyrannis
2474 3151 2663 3215 alium

654 3276 1076 3360 magistratum
1099 3276 1287 3340 fuisse
1318 3275 1700 3340 contendunt
1731 3284 1913 3359 atque
1944 3275 2074 3345 τοὺς
2097 3270 2296 3336 ἕνδεκα
2330 3269 2444 3334 sub
2476 3269 2665 3332 libera

654 3394 989 3481 republica.

1565 3629 1750 3694 VIII.

744 3871 1063 3934 Assentior
1102 3868 1336 3950 Groteo
1354 3833 1582 3934 ⁴eontra
1611 3868 1691 3932 K.
1727 3867 1802 3930 O.
1837 3866 2210 3930 Muellerum
2240 3863 2662 3940 contendenti,

654 3987 905 4072 Spartae
966 3988 1253 4052 instituta
1308 4010 1431 4052 non
1478 4009 1863 4051 communem
1909 3984 2336 4060 Doriensium,
2385 3982 2490 4046 sed
2533 4004 2670 4067 pro-

656 4109 860 4194 prium
904 4106 1344 4192 Spartanorum
1388 4129 1621 4172 morem
1660 4118 1722 4172 et
1765 4104 2034 4171 indolem
2079 4103 2319 4170 referre.
2391 4100 2556 4182 Hist.
2603 4101 2673 4166 of

654 4228 865 4298 Greec.
914 4226 1010 4305 II,
1059 4249 1117 4312 p.
1166 4228 1316 4293 341.
