3092 5084
1367 506 1449 567 95

401 709 658 775 debebat
716 732 841 774 non
910 731 1050 774 cum
1120 716 1247 775 νοῦν
1304 710 1702 789 κεκτημένοις,
1750 710 1859 774 sed
1903 729 2041 775 cum
2088 710 2405 789 μέλλουσι,

399 828 494 891 vel
538 827 743 912 potius
787 828 898 891 tali
939 827 1123 893 modo
1168 828 1387 892 scribi:
1437 826 1509 893 ὧν
1553 830 1730 909 χρεία
1772 834 1890 901 τοῖς
1934 830 2212 907 μέλλουσι
2243 828 2408 907 μετὰ

398 952 489 1011 νοῦ
519 984 609 995 -
636 947 1082 1025 βουλεύσασθαι.
1132 948 1231 1010 An
1263 968 1403 1011 vero
1434 946 1708 1010 dativum
1737 954 1857 1019 τοῖς
1887 954 2010 1013 νοῦν
2039 921 2406 1025 κεκτκμένοις

396 1062 513 1127 hoc
566 1088 746 1129 sensu
792 1065 1035 1149 posuit:
1081 1063 1355 1149 „judicio
1402 1085 1613 1129 eorum
1659 1064 1765 1149 qui
1813 1064 2046 1149 aliquid
2093 1065 2403 1149 sapiunt‚''

397 1203 519 1265 qua
578 1183 1015 1267 significatione
1082 1182 1322 1246 dativus
1382 1181 1691 1267 participii
1735 1182 2045 1247 interdum
2106 1183 2404 1268 ponitur?

394 1300 471 1363 In
517 1302 683 1365 hunc
728 1324 969 1365 sensum
1016 1302 1249 1387 accepit
1292 1300 1538 1365 Ficinus
1555 1350 1573 1378 ,
1639 1301 1746 1384 qui
1792 1300 1996 1365 locum
2043 1302 2132 1365 sic
2176 1303 2398 1367 vertit:

393 1420 667 1504 „quibus
734 1421 981 1485 omnino
1041 1422 1131 1485 vel
1184 1420 1544 1485 mediocriter
1591 1423 1856 1502 prudens
1915 1442 2070 1506 opus
2132 1443 2260 1485 esse
2323 1421 2398 1485 ad

393 1561 491 1601 res
536 1538 888 1603 huiusmodi
931 1537 1221 1623 gerendas
1235 1587 1252 1615 ,
1300 1537 1511 1621 quales
1558 1545 1700 1603 tuae
1746 1546 1951 1616 erant,
1984 1539 2402 1603 emietimaritss’

396 1657 590 1740 Atqui
635 1658 721 1721 sic
768 1665 907 1722 ante
950 1658 1225 1734 μέλλουσι
1287 1656 1580 1721 articulus
1637 1664 1755 1730 τοῖς
1813 1657 2018 1722 abesse
2063 1680 2188 1721 non
2234 1666 2400 1743 pote-

394 1782 520 1853 rat,
582 1782 643 1839 et
688 1782 846 1839 certe
891 1775 1147 1839 obscura
1191 1782 1253 1839 et
1296 1775 1513 1839 vitiosa
1557 1782 1652 1839 est
1695 1776 2006 1840 amborum
2057 1775 2399 1840 dativorum

396 1894 766 1979 conjunctim

488 2011 765 2076 AJterum
826 2012 1167 2096 exemplum
1232 2010 1628 2074 inconcinnae
1694 2011 2012 2075 verborum
2075 2014 2401 2097 juncturae

276 2190 293 2207 ,
398 2129 645 2213 praebet
702 2130 873 2193 locus
929 2152 987 2214 p.
1037 2132 1161 2194 317
1212 2128 1283 2192 E.
1365 2177 1403 2205 ‚,
1424 2127 1791 2211 Postquam,
1840 2102 2075 2212 inquit,
2123 2152 2160 2193 a
2202 2137 2264 2194 te
2309 2153 2400 2193 ar-

396 2248 650 2311 cessitus
696 2247 1019 2332 Syracusas
1065 2247 1202 2309 veni
1218 2295 1237 2323 ,
1284 2248 1399 2325 ἐγὼ
1442 2247 1550 2323 μὲν
1593 2243 1686 2311 οὖν
1733 2245 1916 2322 ἠξίουν
1961 2246 2027 2323 δή
2081 2272 2190 2313 που
2237 2248 2398 2314 κατὰ

394 2368 499 2441 τὴν
574 2367 887 2443 ὁμολογίαν
943 2372 1054 2432 τῶν
1117 2368 1430 2431 ἐπιστολῶν
1503 2371 1721 2445 πρῶτον
1787 2366 1893 2443 μὲν
1956 2364 2242 2443 κατάγειν
2303 2367 2406 2431 τὸν

397 2486 594 2550 Δι’ωνα
652 2482 1110 2561 οἰκειωσάμενον,
1175 2483 1409 2565 φράζων
1466 2483 1570 2559 τὴν
1633 2483 1952 2559 οἰκειότητα
1972 2534 1992 2562 ,
2058 2481 2123 2560 ἣν
2177 2486 2223 2549 εἰ
2270 2486 2398 2563 ἐμοὶ

391 2602 531 2695 τότε
565 2602 814 2678 ἐπείθου,
846 2600 995 2682 τάχ’
1018 2601 1092 2667 ἂν
1124 2602 1355 2680 βέλτιον
1396 2608 1506 2667 τῶν
1537 2608 1634 2665 νῦν
1667 2602 1988 2679 γεγονότων
2021 2602 2167 2684 ἔσχε
2190 2602 2288 2668 καὶ
2313 2603 2396 2669 σοὶ

394 2721 493 2785 καὶ
540 2721 931 2800 Συρακούσαις
980 2720 1077 2785 καὶ
1124 2730 1241 2792 τοῖς
1284 2718 1487 2792 ἄλλοις
1527 2722 1839 2803 Ἓλλησιν,
1895 2723 1970 2795 ὦς
2016 2725 2052 2798 ἦ
2101 2722 2213 2799 ἐμὴ
2261 2720 2402 2797 δόξα

392 2838 769 2916 μαντεύεται.
862 2838 1167 2903 Ultimum
1225 2838 1374 2901 hoc:
1442 2840 1514 2910 ὡς
1585 2841 1618 2913 ἧ
1665 2840 1777 2917 ἐμὴ
1823 2836 1964 2914 δόξα
2007 2838 2394 2916 μαντεύεται,

394 2980 507 3042 pro
566 3006 605 3036 ,‚
627 2964 698 3026 ‚ut
757 2979 870 3041 ego
902 2957 1277 3041 ,suspicorss'
1333 2958 1455 3042 jam
1522 2980 1708 3042 supra
1763 2957 2009 3034 notavi,
2074 2981 2134 3042 p.
2186 2959 2288 3021 59.
2331 2959 2394 3041 ¹).

392 3076 559 3141 Huic
626 3076 823 3141 simile
896 3083 988 3140 est
1038 3075 1197 3139 illud
1241 3078 1268 3140 ὃ
1328 3077 1466 3153 ἐμὸς
1526 3075 1702 3153 λόγος
1763 3098 1872 3161 pro
1919 3076 2034 3153 ἐγὼ
2049 3124 2065 3157 ,
2115 3076 2287 3159 quod
2335 3077 2401 3139 in

392 3195 652 3279 singulis
696 3195 967 3280 epistolis
1013 3194 1219 3259 crebro
1266 3201 1357 3260 est
1401 3193 1668 3258 obvium.
1717 3194 1911 3280 Epist.
1946 3193 2076 3258 VII
2092 3244 2111 3272 ,
2165 3219 2226 3280 p.
2270 3198 2400 3260 334·

394 3312 465 3377 G.
500 3312 683 3377 VIII.
731 3336 791 3397 p.
840 3316 969 3378 354
1016 3314 1102 3376 A:
1144 3313 1241 3377 κα)
1277 3320 1372 3378 νῦν
1403 3315 1444 3379 δ’
1466 3317 1529 3390 γ’
1553 3314 1687 3390 ἐμὸς
1719 3312 1891 3389 λόγος
1923 3310 1996 3377 ἂν
2026 3312 2110 3387 εἴη
2141 3311 2398 3390 ξύμβου-

391 3446 510 3503 λος.
571 3430 719 3495 ibid.
768 3429 836 3495 C.
928 3430 1047 3495 Sed
1093 3432 1533 3495 animadvertas
1552 3481 1571 3509 ,
1605 3452 1857 3515 quaem,
1889 3432 2046 3494 hanc
2077 3429 2394 3496 verborum

393 3557 795 3614 structuram:
843 3550 1073 3631 φράζων
1124 3552 1225 3626 τὴν
1272 3551 1620 3633 οἰκειότητα,
1671 3546 1734 3626 ἣν
1781 3551 1827 3615 εἶ
1859 3548 1984 3627 ἐμοὶ
2013 3550 2149 3614 τότε
2178 3550 2399 3613 ἐπείθου

392 3691 524 3753 sqq.
602 3668 677 3732 In
732 3669 833 3732 his
892 3669 1155 3754 primum
1214 3669 1501 3733 vitiosum
1557 3676 1648 3732 est
1692 3665 1773 3745 ἣν.
1862 3653 2062 3732 Verbo
2108 3668 2393 3733 πείθεσθαι

461 3914 509 3974 1)
557 3913 776 3963 Ceterum
822 3912 1017 3960 verbum
1061 3914 1342 3977 μαντεύομαι
1387 3910 1710 3976 improbatum
1743 3927 1771 3961 a
1803 3911 2075 3969 Salomone,
2109 3926 2158 3974 p.
2193 3909 2256 3958 20
2271 3946 2286 3967 ,
2323 3909 2400 3960 de·
2490 3940 2501 3953 ·

389 4007 544 4056 fendit
587 4008 888 4058 Hei-mannus
932 4006 1175 4070 (zeitschr.
1210 4006 1244 4055 f.
1280 4006 1531 4056 Alterthw.
1573 4006 1716 4059 1837.
1753 4024 1799 4071 p.
1837 4004 1980 4067 274),
2014 4005 2264 4054 ostendens
2297 4020 2398 4053 ver·

391 4102 506 4151 bum
552 4106 837 4169 μαντεύομαι
881 4118 909 4151 a
948 4101 1146 4151 Platone
1178 4116 1267 4164 pro
1300 4104 1536 4155 ὺποπτεύω
1568 4103 1752 4166 saepius
1787 4100 2001 4165 usurpari
2015 4138 2032 4159 ,
2064 4103 2118 4147 ut
2151 4100 2315 4164 Symp.
2346 4114 2396 4163 p.

397 4196 509 4246 192.
576 4198 724 4261 Atqui
771 4214 865 4246 non
906 4196 997 4246 hoc
1040 4200 1112 4245 est
1153 4195 1280 4259 quod
1312 4196 1363 4245 in
1395 4198 1808 4262 reprehensionem
1845 4196 2000 4253 venit,
2035 4196 2115 4243 sed
2149 4195 2273 4258 quod
2307 4211 2396 4260 pro

392 4298 480 4357 εγὼ
510 4294 705 4357 ponitur
738 4300 766 4353 ἡ
798 4299 886 4358 ιμὴ
918 4294 1045 4351 δόξα.
