3092 5084
1666 493 1740 552 12

701 705 971 781 oportet:
1037 721 1146 762 eur
1205 699 1366 762 enim
1382 748 1400 776 ,
1448 705 1773 791 postquam
1826 699 2184 763 nominatim
2230 701 2701 786 Aristophanem

699 817 910 881 citavit
954 817 1114 880 inter
1160 839 1260 880 eos
1307 817 1414 900 qui
1461 817 1733 902 dialogos
1778 818 1843 882 in
1887 818 2159 902 trilogias
2206 818 2575 900 diviserunt,
2637 823 2702 886 in

700 934 1091 999 memoranda
1144 936 1278 1018 ipsa
1337 937 1633 1000 divisione
1694 937 1881 1001 alium
1942 945 2247 1002 auctorem
2305 941 2701 1024 sequeretur?

699 1053 926 1117 Tamen
990 1076 1098 1140 pro
1160 1054 1532 1139 negligentia
1592 1078 1714 1140 qua
1774 1055 1879 1120 ille
1940 1057 2270 1141 excerpsit,
2327 1059 2455 1120 fieri
2505 1067 2703 1142 pot-est

701 1180 772 1236 ut
833 1172 1067 1244 diversa
1127 1174 1471 1253 miscuerit,
1527 1175 1621 1238 uti
1668 1175 1953 1260 opinatur
1998 1174 2255 1239 Siickow
2300 1176 2697 1260 (Wissensch.

699 1290 880 1354 Form
934 1291 993 1354 d.
1041 1290 1280 1355 Platon.
1315 1291 1483 1355 Sehr.
1518 1316 1577 1375 p.
1617 1294 1738 1356 165
1774 1295 1908 1377 sq.)‚
1949 1292 2087 1356 ideo
2114 1295 2499 1378 praesertim,
2533 1294 2699 1377 quod

697 1411 763 1474 in
807 1417 938 1474 tota
980 1410 1087 1474 illa
1131 1410 1536 1496 descriptione
1568 1412 1787 1475 diversi
1818 1413 2157 1496 argumenti
2190 1414 2414 1497 scripta
2442 1414 2530 1476 ita
2560 1436 2698 1478 con-

698 1529 923 1592 sociata
985 1536 1164 1607 sunt,
1219 1538 1292 1593 ut
1337 1529 1500 1593 docti
1545 1530 1922 1614 grammatici
1961 1531 2263 1614 judicium
2308 1532 2474 1596 haud
2524 1533 2699 1596 facile

700 1669 1010 1732 agnoscas,
1101 1645 1264 1711 Nam
1306 1670 1447 1731 vqua
1505 1648 1741 1712 ratione
1800 1648 1959 1712 inter
2004 1671 2067 1712 se
2112 1649 2467 1728 cohaerent,
2519 1672 2699 1733 quam

698 1766 976 1850 quintam
1050 1766 1358 1850 trilogiam
1393 1763 1398 1768 ’
1432 1767 1610 1844 facit,
1680 1767 1892 1846 Κρίτων
1911 1817 1926 1844 ,
2000 1767 2255 1844 Φαίδων,
2310 1771 2657 1834 Ἐπιστολαί
2672 1769 2699 1831 Ρ

697 1885 817 1948 Res
863 1885 1096 1949 incerta
1139 1892 1249 1949 est.
1299 1888 1588 1950 Attamen
1634 1886 1868 1949 etiamsi
1914 1885 2061 1951 haec
2108 1886 2323 1950 divisio
2361 1909 2485 1950 non
2516 1887 2699 1950 fuerit

701 2003 1124 2088 Aristophanis
1139 2053 1160 2082 ,
1207 2002 1366 2067 illud
1410 2004 1799 2090 probabiliter
1844 2005 2027 2068 statui
2073 2027 2249 2090 posse
2295 2004 2473 2069 credo
2490 2054 2509 2083 ,
2567 2005 2700 2070 Ari-

698 2122 1057 2209 stophanem
1110 2122 1416 2238 Epistolas
1477 2122 1540 2187 in
1600 2123 1943 2208 catalogum
1988 2124 2315 2208 recepisse3
2364 2123 2417 2186 si
2464 2123 2698 2186 omisis-

699 2248 824 2320 set,
888 2241 1157 2306 dubitari
1214 2242 1314 2306 vix
1355 2248 1577 2328 potest
1637 2241 1789 2325 quin
1842 2241 1916 2306 ab
1978 2241 2184 2327 aliquo
2245 2250 2405 2305 certe
2449 2243 2701 2306 recenti

701 2384 873 2425 orum
920 2361 1080 2425 inter
1124 2361 1502 2460 νοθέυομένους
1546 2362 1756 2438 λόγους
1801 2368 2151 2425 numeratae
2180 2361 2456 2427 fuissent.
2505 2362 2700 2446 Atqui

699 2487 762 2544 et
807 2503 842 2544 a
883 2479 1174 2544 Cicerone
1227 2487 1288 2544 et
1341 2503 1378 2543 a
1427 2472 1745 2565 Thrasyllo
1791 2487 1851 2544 et
1897 2503 1933 2543 a
1972 2480 2266 2565 Dionysio
2319 2480 2700 2545 Halicarnas-

700 2600 860 2664 sensi
906 2599 1022 2684 (De
1082 2599 1144 2663 vi
1189 2599 1432 2664 dicendi
1469 2599 1787 2674 Demosth.
1843 2622 1903 2684 p.
1964 2601 2157 2684 1027)
2211 2598 2545 2683 ceterisque
2592 2600 2699 2683 qui

701 2741 906 2783 earum
953 2693 1324 2783 mentionem
1377 2720 1683 2797 fecerunt,
1740 2741 1869 2804 pro⁴
1902 2718 2185 2804 genuinis
2242 2717 2485 2795 habitae
2532 2724 2695 2782 sunt.

699 2836 985 2901 Ceterum
1035 2843 1192 2920 quot
1230 2837 1520 2922 epistolae
1566 2837 1755 2901 lectae
1784 2837 2011 2902 fuerint
2042 2836 2117 2900 ab
2152 2836 2557 2920 Aristophane
2588 2851 2697 2900 aut

699 2929 778 3020 ad
809 2977 962 3040 quos
995 2955 1284 3041 scriptae,
1317 2978 1442 3020 non
1471 2955 1734 3022 additur.
1784 2955 1860 3020 In
1890 2955 2239 3040 teti-alogias
2264 2962 2469 3018 autem
2492 2953 2699 3018 divisit

699 3072 1052 3158 Thrasyllus
1069 3123 1088 3152 ,
1123 3096 1380 3159 quarum
1417 3097 1641 3138 nonam
1680 3075 1804 3138 sive
1844 3073 2123 3137 ultimam
2160 3072 2491 3137 secundum
2522 3070 2699 3136 Laer-

701 3193 854 3257 tium
917 3193 1254 3257 efficiebant
1312 3193 1460 3257 haec
1521 3193 1777 3278 scripta:
1840 3191 2063 3266 Μίνως,
2110 3191 2327 3270 Νόμοι,
2370 3189 2662 3266 Ἐπινομίς
2685 3238 2699 3266 ,

700 3312 1050 3378 Ἐπιστολαί
1052 3361 1066 3375 .
1109 3310 1267 3376 Tum
1297 3311 1603 3397 Epistolas
1628 3318 1941 3376 enumerat
1969 3311 2065 3374 his
2096 3309 2321 3374 verbis:
2354 3302 2697 3375 Ἐπιστολαὶ

699 3429 1103 3511 τρισκαίδεκα,
1145 3429 1363 3507 ἠθικαὶ,
1411 3431 1467 3494 ἐν
1497 3424 1589 3502 αἷς
1620 3427 1881 3510 ἔγραψεν
1922 3425 1995 3494 εὖ
2038 3427 2523 3508 προὶττειν....
2567 3427 2700 3507 πρὸς

701 3545 1107 3627 Ἀριστόδημον
1165 3548 1312 3629 μία,
1361 3547 1496 3628 πρὸς
1543 3547 1849 3628 Ἀρχύταν
1892 3547 1987 3612 δύο
2003 3595 2018 3620 ,
2062 3545 2197 3627 πρὸς
2244 3545 2529 3610 Διονύσιον
2573 3544 2703 3608 τέτ-

704 3690 874 3745 ταρες
893 3717 910 3741 ,
959 3665 1094 3747 πρὸς
1139 3667 1410 3746 Ἑρμείαν
1453 3665 1553 3730 καὶ
1594 3665 1879 3746 Ἔραστον
1922 3664 2020 3728 καὶ
2067 3664 2328 3744 Κορίσκον
2371 3663 2484 3740 μία
2498 3711 2513 3736 ,
2565 3661 2699 3742 πρὸς

701 3783 1116 3862 Λεωδάμαντα
1173 3785 1286 3862 μία
1305 3836 1324 3860 ,
1385 3784 1520 3865 πρὸς
1583 3784 1779 3848 Δίωνα
1828 3777 1973 3866 μία,
2021 3781 2158 3862 πρὸς
2204 3781 2516 3862 Περδίκκαν
2559 3780 2703 3858 μία,

703 3903 840 3983 πρὸς
883 3880 1016 3976 τοὺὲ
1065 3905 1273 3974 Δίωνος
1318 3904 1543 3976 οἰκείους
1591 3903 1704 3969 δύο.

793 4020 980 4085 Hunc
1047 4021 1276 4086 Laertii
1334 4021 1597 4087 indicem
1659 4024 1710 4086 si
1770 4045 1908 4087 cum
1977 4020 2225 4107 vulgata
2291 4020 2703 4106 Epistolarum

704 4139 932 4225 sylloge
992 4162 1409 4226 comparamus
1425 4191 1444 4220 ,
1529 4141 1803 4206 videmus
1865 4141 2041 4206 ambo
2102 4140 2341 4205 duabus
2401 4139 2465 4203 in
2524 4138 2704 4203 rebus

703 4259 958 4344 paulum
1003 4258 1361 4345 discrepare.
1452 4261 1727 4325 Primum
1771 4260 1837 4324 in
1868 4261 2017 4339 hoc,
2051 4261 2216 4344 quod
2246 4258 2525 4323 Lacrtius
2557 4257 2707 4321 citat
