3092 5084
1604 486 1691 546 44

642 690 706 754 in
767 689 940 755 libris
999 690 1075 753 de
1135 688 1441 774 Legibus3
1506 691 1612 754 sed
1672 691 1821 756 talia
1880 692 2294 756 additamenta
2358 699 2430 756 ut
2476 715 2653 777 parce

639 831 753 872 nec
795 809 1176 872 incommode
1207 808 1480 872 adhibita
1511 810 1789 894 placent,
1822 811 1910 874 ita
1940 810 2107 895 large
2139 811 2328 874 effusa
2360 833 2652 875 nauseam

639 937 886 1003 movent
931 933 992 990 et
1035 927 1360 991 imitatoris
1370 977 1390 1006 ,
1445 950 1572 991 non
1618 929 1887 1012 germani
1932 929 2179 993 artificis
2223 951 2475 992 manum
2519 950 2653 1012 pro-

636 1044 813 1109 dunt.
885 1045 1275 1131 Quantopere
1320 1053 1526 1110 noster
1563 1046 1629 1111 in
1659 1069 1777 1110 usu
1810 1047 1993 1112 huius
2025 1047 2187 1110 vocis
2221 1047 2338 1111 sibi
2369 1047 2610 1132 placeat
2630 1095 2649 1124 ,

639 1165 846 1250 paucis
893 1151 1182 1249 exemplis
1226 1142 1597 1229 monstrabo,
1645 1189 1705 1250 p.
1756 1169 1883 1230 324
1930 1166 2017 1230 E:
2068 1169 2347 1246 Σωκράτη
2366 1215 2385 1247 ,
2432 1163 2492 1230 ὃν
2536 1166 2651 1243 ἐγὼ

635 1283 846 1364 σχεδὸν
890 1285 989 1347 οὐκ
1034 1282 1107 1347 ἂν
1153 1284 1534 1364 αἰσχυνοίμην
1580 1285 1749 1349 εἰπὼν
1796 1285 2153 1350 δικαιότατον
2184 1282 2469 1350 εἶναιτῶν
2498 1283 2652 1348 τότε.

636 1426 695 1487 Ρ.
746 1406 869 1469 347
923 1401 1006 1465 O:
1054 1406 1229 1468 ταῦτ’
1275 1404 1494 1483 ἐρρήθη,
1548 1408 1747 1469 ταῦτα
1793 1403 2393 1486 ξυνωμολογήσαμεν,
2438 1406 2511 1475 ὡς
2559 1410 2654 1468 νῦν

580 1598 588 1614 1
635 1519 852 1601 εἴρηται
873 1522 1124 1602 σχεδὸν.
1174 1546 1233 1607 p.
1283 1524 1409 1585 350
1444 1522 1538 1586 D:
1573 1523 1694 1588 οὔτ’
1723 1518 1815 1589 οὖν
1846 1523 2073 1598 ἡλικίαν
2104 1523 2227 1604 ἔχω
2248 1522 2652 1600 ξυμπολεμεῖν

637 1639 721 1704 ἔτι
767 1640 976 1721 σχεδὸν
1020 1641 1217 1706 οὐδενί.
1264 1641 1378 1726 ΕΡ.
1427 1641 1627 1720 VIII,
1677 1667 1736 1728 Ρ.
1786 1645 1910 1708 357
1946 1643 2033 1706 Β;
2068 1640 2109 1708 ἃ
2140 1642 2259 1722 γαρ
2288 1691 2301 1706 .
2332 1693 2346 1708 .
2376 1641 2656 1720 ,ἑτοίμως

637 1759 764 1840 ἔχει
785 1811 802 1831 ,
865 1765 1065 1824 ταῦτα
1133 1759 1191 1823 δὲ
1258 1760 1468 1840 σχεδὸν
1527 1762 1555 1826 ὃ
1616 1762 1805 1840 κρίνων
1863 1761 2130 1826 ἀδύνατα
2188 1762 2289 1826 οὐκ
2334 1758 2399 1826 εὖ
2440 1767 2651 1841 Φρονεῖ.

635 1875 713 1941 In
768 1878 1050 1942 omnibus
1105 1877 1200 1941 his
1253 1878 1401 1942 locis
1424 1939 1426 1942 ,
1447 1879 1657 1960 σχεδὸν
1703 1879 1883 1964 friget
1928 1880 2025 1943 vel
2068 1880 2349 1966 ineptum
2395 1886 2503 1943 est.
2576 1878 2655 1941 In

635 1996 748 2082 Ep.
797 1995 960 2074 VII,
1008 2019 1068 2082 Ρ.
1111 1999 1237 2060 329
1272 1995 1322 2060 C
1352 1997 1609 2082 legitur:
1643 1996 1777 2074 μηνὶ
1811 1997 1869 2062 δὲ
1902 1998 2160 2079 σχεδὸν
2194 1981 2653 2077 ἵσωςτετοέρτῳ

635 2114 830 2179 Δίωνα
854 2115 1141 2187 Διονύσιος
1163 2113 1467 2192 ἐξέβαλεν.
1507 2115 1741 2180 Ambae
1764 2115 1879 2180 hae
1903 2139 2077 2180 voces
2095 2117 2443 2202 junguntur
2466 2116 2651 2179 etiam

636 2233 801 2318 apud
859 2232 1206 2312 Platonem,
1268 2241 1342 2297 ut
1397 2233 1462 2296 in
1524 2233 1710 2320 Soph.
1773 2258 1833 2319 Ρ.
1899 2237 2025 2297 253
2092 2233 2175 2297 G:
2224 2239 2345 2307 πῶς
2390 2234 2509 2312 γαρ
2554 2235 2657 2298 οὐκ

523 2425 527 2430 ,
635 2351 963 2429 ἐπιστήμης
1009 2352 1098 2416 δεῖ
1135 2353 1232 2417 καὶ
1278 2354 1488 2434 σχεδὸν
1533 2357 1597 2431 γ’
1633 2353 1765 2426 ἴσως
1804 2363 1909 2429 τῆς
1954 2354 2279 2432 asylo-ruffi
2342 2352 2419 2417 de
2461 2351 2654 2437 Legg.

639 2469 708 2533 II
723 2519 741 2548 ‚
804 2493 866 2555 Ρ.
931 2471 1056 2534 658
1119 2471 1212 2536 D:
1274 2472 1601 2553 τραγῳδίαν
1662 2475 1767 2558 (sc.
1826 2473 2040 2538 ceteris
2086 2473 2284 2558 poesis
2331 2471 2655 2557 generibus

636 2589 1009 2674 praeferunt)
1053 2589 1136 2654 τοὶ
1163 2591 1435 2670 μειράκια
1465 2592 1563 2656 καὶ
1597 2591 1806 2672 σχεδὸν
1836 2590 1967 2664 ἴσως
2004 2591 2069 2656 τὸ
2111 2592 2323 2665 πλῆθος
2355 2590 2653 2656 ἁπάντων.

637 2708 714 2771 In
760 2708 856 2771 his
902 2708 1052 2772 locis
1096 2708 1305 2790 σχεδὸν
1349 2710 1653 2794 significat
1682 2733 1872 2792 prope
1888 2759 1905 2788 ‚
1935 2710 2109 2795 fere,
2142 2707 2275 2781 ἴσως
2285 2758 2305 2787 ,
2339 2715 2407 2772 ut
2436 2711 2533 2794 (ex
2562 2709 2651 2773 rei

637 2828 880 2911 natura)
933 2828 1234 2910 probabile
1291 2835 1376 2893 est
1388 2879 1407 2906 ‚
1472 2835 1536 2893 at
1594 2830 1660 2892 in
1714 2829 1991 2914 Epistola
2036 2829 2151 2892 hoc
2197 2827 2655 2912 significationis

639 2945 961 3009 discrimen
1007 2969 1132 3011 non
1178 2947 1414 3012 obtinet
1427 2975 1445 3026 ;
1493 2947 1703 3029 σχεδὸν
1747 2948 1835 3012 ibi
1881 2970 2127 3032 prorsus
2176 2947 2441 3012 otiosum
2488 2953 2597 3011 est.

675 3065 680 3072 ’
727 3064 938 3148 Pergit
983 3065 1102 3128 sic:
1151 3062 1248 3130 ὅτε
1280 3116 1296 3131 .
1333 3117 1348 3132 .
1385 3117 1400 3132 .
1449 3068 1565 3144 ἐγὼ
1619 3065 1917 3147 ἀφικόμην
1968 3065 2179 3146 σχεδὸν
2225 3065 2325 3139 ἔτη
2369 3063 2653 3145 τετταρά-

639 3206 815 3247 κοντα
868 3182 1121 3259 γεγονώς
1137 3232 1156 3266 ,
1206 3183 1357 3247 Δι’ων
1401 3179 1532 3264 εἶχε
1576 3186 1681 3259 τὴν
1720 3184 1947 3261 ἡλικίαν
1992 3179 2055 3259 ἣν
2102 3189 2280 3249 τανῦν
2330 3185 2654 3260 Ἱππαρῖνος

550 3363 554 3367 .
641 3298 911 3381 γέγονεν,
971 3298 1071 3362 καὶ
1135 3299 1201 3375 ἢν
1253 3300 1401 3380 ἔσχε
1459 3299 1595 3365 τότε
1655 3299 1854 3384 δόξαν,
1914 3301 2135 3375 ταύτην
2194 3299 2293 3364 καὶ
2340 3299 2655 3364 διετέλεσεν

641 3419 795 3498 ἔχων
833 3417 1242 3498 Συρακουσίους
1285 3417 1494 3484 οἴεσθαι
1540 3419 1653 3484 δεῖν
1698 3418 2009 3498 ἐλευθέρους
2055 3415 2217 3484 εἶναι.

729 3535 827 3600 En
857 3559 1066 3600 rursus
1097 3536 1336 3616 σχεδὸν,
1369 3538 1536 3620 quod
1567 3537 1669 3601 hic
1699 3559 1939 3621 quoque
1970 3537 2115 3600 satis
2145 3537 2429 3614 otiosum,
2463 3558 2655 3620 quum
2767 3557 2770 3560 ·

640 3654 953 3740 probabile
968 3653 1048 3716 sit
1069 3652 1387 3719 Platonem
1411 3677 1532 3738 qua
1552 3656 1683 3741 ipse
1702 3662 1836 3719 tum
1863 3661 2021 3720 esset
2040 3661 2235 3719 aetate
2254 3655 2441 3740 probe
2455 3677 2653 3718 nosse.

641 3774 800 3838 Tum
823 3774 1082 3838 alterum
1099 3773 1336 3851 γέγονεν
1353 3775 1573 3840 melius
1598 3774 1852 3852 abesset3
1879 3774 2031 3858 quin
2053 3796 2416 3859 magnopere
2439 3772 2656 3837 dubito

641 3916 792 3957 num
837 3901 998 3958 recte
1043 3893 1283 3958 dicatur
1326 3891 1392 3970 ἣν
1423 3895 1650 3970 ἡλικίαν
1681 3893 1919 3972 γέγονεν
1935 3943 1953 3972 ,
1988 3894 2147 3957 sicut
2176 3893 2399 3957 usitate
2432 3892 2657 3958 dicitur

639 4018 906 4077 τοσαῦτα
935 4011 1036 4086 ἔτη
1067 4013 1322 4090 γέγονεν.
1381 4011 1614 4078 Eodem
1644 4013 1827 4077 modo
1856 4012 2095 4077 Latini:
2129 4018 2214 4075 tot
2243 4034 2423 4076 annos
2450 4019 2654 4088 natu-5,

641 4153 766 4195 non
833 4153 974 4194 vero
989 4181 1008 4210 ,
1072 4155 1196 4195 eam
1257 4139 1506 4197 aetatem
1567 4137 1759 4196 natus.
1854 4129 2159 4195 Credibile
2218 4130 2375 4194 foret
2416 4130 2656 4208 γέγονεν

642 4273 678 4313 a
735 4248 980 4313 librario
1037 4249 1315 4317 additum
1361 4274 1489 4316 esse
1504 4300 1524 4328 ‚
1582 4249 1702 4314 nisi
1748 4249 2009 4337 epistola
2048 4255 2143 4313 tot
2186 4249 2373 4314 huius
2418 4249 2653 4335 generis
