3092 5084
1318 500 1398 564 75

360 710 534 773 effata
593 708 733 785 illa,
796 709 925 793 ipse
980 708 1183 791 potius
1230 705 1599 771 deridendus
1644 715 1893 791 propter
1938 707 2367 772 dementiam.”

360 828 515 891 Dein
560 848 670 911 pro
714 826 795 890 τοὶ
839 824 1143 905 ἀφροδίσια
1186 847 1369 908 quam
1410 824 1646 889 tumida
1677 826 2138 890 circumlocutio
2169 827 2374 907 ἀνδρα-

356 945 601 1017 ποδώδης
632 945 731 1009 καὶ
762 944 1082 1024 ἀχάριστος
1117 944 1311 1019 ἡδονῆς
1346 942 1510 1026 quod
1542 943 1716 1007 addit
1735 944 2057 1023 ἀφροδίσιος
2081 944 2370 1023 λεγομένη

354 1065 451 1127 οὐκ
494 1065 657 1143 ὀρθῶς
668 1111 687 1140 ,
735 1069 827 1126 est
870 1061 1068 1145 lepide
1114 1060 1349 1125 dictum
1393 1062 1590 1125 nostri
1635 1061 1943 1146 scriptoris
1962 1110 1980 1139 ,
2023 1062 2200 1126 Plato
2231 1086 2370 1127 nus-

356 1206 538 1267 quam
592 1182 828 1267 vulgari
884 1181 1085 1245 veneri
1129 1181 1470 1261 Ἀφροδίτης
1524 1202 1748 1245 nomen
1793 1180 2040 1265 negavit
2057 1230 2075 1259 ‚
2123 1182 2248 1245 imo
2295 1162 2410 1246 deae

355 1301 504 1386 Rep.
552 1300 690 1378 ΠΙ,
725 1302 853 1364 403
887 1300 977 1377 A,
1012 1298 1340 1383 distinguit
1368 1299 1527 1363 inter
1556 1299 1654 1363 τὸν
1691 1299 1835 1378 ὀρθὸν
1872 1299 2055 1379 ἔρωτα
2085 1307 2148 1363 et
2179 1302 2370 1374 ἡδονὴν

354 1420 457 1492 τὴν
496 1421 621 1499 περὶ
661 1417 1032 1498 τάφροδίσια,
1066 1440 1289 1500 purum
1326 1440 1572 1481 amorem
1602 1424 1663 1481 et
1693 1420 1999 1499 vulyarem.
2035 1418 2366 1509 Denique,

350 1559 428 1603 ne
468 1538 619 1621 quid
657 1536 1125 1621 praetermisisse
1163 1535 1467 1613 videatur,
1516 1525 1690 1600 addit
1726 1538 1792 1601 τὸ
1828 1538 1922 1613 μὴ
1955 1537 2366 1620 πίμπλασθαι,

350 1676 587 1721 memor
628 1655 917 1721 nimirum
962 1676 1172 1718 eorum
1216 1676 1371 1737 quae
1414 1654 1479 1718 in
1500 1676 1507 1684 ·
1527 1653 1758 1738 Gorgia
1802 1654 2110 1739 leguntur,
2145 1678 2206 1739 p.
2237 1656 2366 1719 493

350 1773 405 1837 Ε
470 1796 591 1858 sq„
662 1771 771 1837 ubi
830 1773 957 1837 vita
1016 1772 1357 1857 voluptaria
1416 1778 1668 1837 vocatur
1729 1773 1755 1837 ὃ
1817 1774 2136 1847 ἀπλήστως
2197 1776 2296 1837 καὶ
2343 1772 2371 1836 o‘

351 1892 695 1965 ἀκολάστως
758 1892 909 1973 ἔχων
969 1891 1095 1968 βίος
1112 1941 1131 1969 ,
1197 1899 1259 1955 ct
1316 1891 1455 1955 talis
1516 1891 1755 1956 animus
1801 1900 2188 1976 comparatur
2233 1915 2376 1957 cum

353 2011 523 2075 dolio
592 2011 893 2095 perforato
907 2059 926 2087 ,
997 2008 1163 2094 quod
1230 2010 1368 2093 quis
1437 2016 1692 2093 cogatur
1743 2010 1835 2074 ἀεὶ
1898 2013 1996 2074 καὶ
2045 2011 2229 2075 νύκτα
2275 2011 2372 2075 καὶ

353 2130 569 2209 ἡμέραν
629 2127 988 2208 πιμπλάναι.
1076 2128 1369 2193 Similiter
1428 2129 1495 2193 in
1551 2128 1666 2215 Ep.
1729 2127 1923 2207 VIII,
1988 2152 2047 2214 p.
2113 2132 2242 2195 354
2292 2130 2375 2209 O,

352 2249 635 2333 voluptas
710 2256 961 2314 vocatur
1024 2248 1441 2327 εὐδαιμόνισμα
1505 2249 1826 2324 ἀπλήστως
1895 2248 2206 2313 πεινώντων
2276 2251 2372 2314 ἀν-

348 2368 602 2448 θρῶπων.

447 2484 635 2553 Hand
688 2484 983 2550 lucidiora
1040 2491 1187 2573 sunt
1240 2506 1398 2568 quae
1444 2492 1819 2567 sequuntur:
1869 2484 2096 2567 τυφλὸς
2149 2484 2221 2549 ὢν
2267 2486 2366 2552 καὶ

352 2608 472 2684 οὐχ
501 2573 631 2684 ὁρῶν
663 2599 762 2675 οἷς
792 2597 1171 2680 ξυνέπεται
1201 2608 1313 2667 τῶν
1344 2606 1714 2681 πραγμάτων
1747 2602 1900 2685 (31111
1934 2602 2376 2689 ἀρπαγμάτων).

353 2723 809 2802 ἀνοσιουργία
851 2724 973 2789 κτὲ.
1021 2720 1324 2805 Intelligit
1355 2730 1560 2787 autem
1589 2743 1714 2785 non
1749 2744 1820 2787 ea
1854 2744 2009 2806 quae
2041 2724 2368 2787 comitatur

354 2840 743 2925 improbitas,
792 2839 899 2905 sed
944 2862 1098 2923 quae
1138 2840 1589 2924 improbitatem
1621 2840 2004 2918 comitantum
2053 2840 2191 2905 ideo
2225 2841 2366 2906 scri-

356 2958 627 3026 bendum
673 2958 886 3025 credo:
934 2953 1026 3023 οἶα
1066 2957 1375 3034 ξυνέπεται
1420 2964 1530 3024 τῶν
1570 2958 1946 3039 πραγμάτων
1975 2960 2336 3043 ἀνοσιουργία
2349 3011 2367 3045 ,

358 3077 584 3162 quibus
619 3078 815 3143 verbis
850 3077 1267 3163 explicationis
1298 3079 1495 3162 gratia
1519 3079 1847 3163 apponitur
1872 3065 2015 3142 hoc:
2051 3079 2227 3143 κακὸν
2251 3079 2371 3155 ἡλί-

358 3220 454 3263 κον
484 3196 578 3265 ἀεὶ
611 3196 962 3281 (ξυνέπεται)
985 3199 1119 3274 μετ’
1141 3197 1493 3275 ἀδικήματος
1518 3198 1797 3263 ἓκάστουι
1831 3220 2034 3281 „quae
2055 3198 2370 3263 molestiae

360 3317 729 3381 comitentur
803 3316 1283 3400 improbitatem,
1341 3324 1641 3401 quantum
1679 3298 1925 3381 ¹malum
1970 3318 2103 3402 conj
2114 3325 2369 3382 unctum

360 3435 440 3499 sit
500 3457 641 3502 cum
685 3456 933 3519 quoque
977 3434 1333 3499 malefici0.”
1422 3434 1560 3499 Hoc
1607 3443 1810 3500 autem
1856 3435 2036 3519 quale
2081 3437 2195 3513 sit,
2251 3437 2368 3521 sig-

360 3552 642 3619 nificatur
684 3553 1113 3638 sequentibus:
1162 3551 1225 3627 ἣν
1264 3554 1699 3637 (ἀνοσιουργίαν)
1736 3555 2055 3629 ἀναγκαῖον
2092 3558 2174 3635 τῷ
2215 3554 2364 3620 ἀδικ.

360 3671 823 3750 συνεφέλκειν
858 3670 957 3735 ἐπί
983 3696 1051 3736 τε
1083 3680 1165 3752 γῇ
1198 3672 1565 3753 στρεφομένῳ
1592 3671 1692 3737 καὶ
1725 3672 1834 3737 ὑπὸ
1858 3680 1970 3749 γῆς
1995 3674 2366 3748 νοστήσαντα

332 3789 633 3883 „quippe
680 3812 870 3873 quum
917 3812 1157 3855 necesse
1200 3791 1282 3854 sit
1326 3791 1623 3876 injustum
1656 3813 1889 3875 semper
1917 3791 2367 3876 improbitatem

368 3908 532 3971 velut
575 3930 730 3971 onus
777 3930 981 3972 secum
1026 3908 1265 3972 trahere
1302 3916 1365 3973 et
1392 3909 1459 3973 in
1489 3909 1604 3972 hac
1635 3910 1760 3973 vita
1791 3916 1853 3973 et
1884 3916 2022 3994 post
2051 3910 2369 3973 mortem.”

362 4024 563 4089 Etiam
608 4025 724 4089 hoc
772 4026 1023 4091 verbum
1068 4034 1341 4093 sumtum
1387 4049 1420 4091 e
1463 4027 1808 4093 Phaedonis
1853 4027 1988 4091 loco
2026 4027 2208 4091 modo
2237 4026 2367 4091 1311-

367 4144 536 4222 dato,
579 4144 687 4209 ubi
718 4144 795 4211 de
828 4146 1027 4209 animo
1054 4146 1207 4231 justi
1238 4146 1489 4225 dicitur,
1532 4171 1592 4232 p.
1630 4150 1710 4210 80
1745 4146 1826 4210 E:
1875 4148 1976 4211 ἐὰν
2007 4147 2112 4224 μὲν
2141 4148 2370 4225 καθαροὶ

366 4263 864 4340 ἀπαλλάττηται,
895 4264 1070 4341 μηδὲν
1100 4271 1200 4330 τοῦ
1231 4266 1499 4343 σώματος
1536 4266 2106 4347 συνεφέλκουσα.
2163 4265 2367 4330 Etiam
