3092 5084
1360 481 1482 541 159

409 710 533 753 non
594 688 805 767 statim
864 686 1093 753 sentit?
1184 687 1278 751 De
1323 686 1584 771 singulis
1631 694 1836 753 autem
1881 686 2030 753 haec
2084 686 2266 768 dicit3
2314 688 2434 773 pri·

408 828 579 875 mum
627 805 703 872 de
748 806 935 871 Dario
944 856 964 885 ,
1013 829 1074 891 p.
1123 808 1251 869 332
1304 807 1394 870 A:
1444 807 1777 891 (Διονύσιος)
1825 808 2067 887 Δαρείου
2111 808 2430 873 ἑπταπλα-

410 928 511 1006 σίῳ
576 924 932 1007 φαυλότερος
992 924 1222 1001 ἐγένετο
1236 972 1256 1001 ,
1319 920 1378 993 ὃς
1438 927 1537 1003 οὐκ
1599 925 1875 1007 ἀδελφοῖς
1937 925 2262 997 πιστεύσας
2317 925 2430 990 οὐδ’

410 1045 513 1125 ὑφ’
581 1044 759 1109 αὑτοῦ
825 1050 1131 1125 τραφεῖσι,
1193 1049 1460 1113 κοινωνοῖς
1520 1042 1581 1110 δὲ
1623 1043 1790 1117 μόνον
1833 1051 1939 1119 τῆς
1977 1050 2077 1108 τοῦ
2111 1044 2316 1138 ’Μήδου
2361 1066 2431 1109 τε

408 1162 508 1227 καὶ
556 1163 827 1248 εὐνούχου
871 1163 1187 1243 χειρώσεως
1202 1211 1217 1237 ,
1264 1162 1501 1239 διένειμέ
1548 1186 1616 1241 τε
1652 1161 1796 1244 μέρη
1839 1161 2013 1243 μείζω
2064 1160 2294 1231 ἕκαστα
2324 1173 2426 1228 Σι-

410 1282 611 1359 κελίας
664 1279 858 1356 πάσης
905 1280 1089 1359 ἑπτα,
1116 1331 1131 1347 .
1160 1331 1172 1345 .
1200 1332 1215 1346 .
1264 1279 1441 1356 ἔδειξε
1484 1304 1554 1345 τε
1599 1279 2017 1359 παράδειγμα,
2064 1276 2170 1355 οἷον
2191 1283 2310 1364 χρὴ
2332 1282 2430 1349 τὸν

412 1401 709 1477 νομοθέτην
770 1400 865 1465 καὶ
926 1396 1188 1477 βασιλέα
1244 1400 1341 1471 τὸν
1401 1398 1624 1476 ἀγαθὸν
1670 1399 2013 1477 γίγνεσθαι·
2063 1400 2265 1477 νόμους
2311 1402 2430 1480 γαρ

411 1517 869 1589 κατασκευάσας
910 1516 995 1582 ἔτι
1034 1504 1151 1582 καί
1170 1522 1268 1582 νῦν
1291 1516 1608 1581 διασέσωκε
1630 1518 1734 1591 τὴν
1756 1523 1984 1597 Περσῶν
2005 1519 2220 1600 ἀρχήν.
2271 1516 2430 1583 Cum

411 1635 508 1699 his
554 1657 837 1721 compara
874 1635 1093 1701 haecce
1137 1634 1411 1701 Platonis
1459 1634 1675 1713 verba,
1725 1658 1785 1720 p.
1837 1638 1963 1699 695
2021 1634 2105 1700 G:
2140 1638 2431 1723 (Δαρεῖος)

411 1754 581 1819 ε’λθὼν
635 1757 716 1829 είς
777 1756 882 1831 τὴν
939 1756 1129 1836 ἀρχὴν
1206 1755 1304 1819 καὶ
1358 1755 1562 1833 λαβὼν
1621 1756 1802 1831 αὐτὴν
1874 1754 2145 1833 ἕβδομος,
2194 1756 2431 1823 διείλετο
2517 1783 2520 1787 ’

411 1870 568 1939 ἕπτα
628 1873 772 1956 μέρη
830 1874 1177 1953 τεμόμενος,
1224 1870 1297 1939 ὦν
1340 1873 1440 1939 καὶ
1490 1878 1586 1941 νῦν
1631 1874 1716 1939 ἔτι
1762 1875 1981 1955 σμικροὶ
2027 1875 2290 1957 ὀνείρατα
2334 1875 2431 1940 λέ-

414 2009 651 2061 λειπται
679 2016 692 2030 ·
741 1994 840 2059 καὶ
888 1993 1087 2071 νόμους
1133 1992 1286 2071 ἠξίου
1334 1994 1562 2071 θέμενος
1605 1994 1772 2059 οἰκεῖν
1795 2040 1813 2059 .
1842 2046 1856 2059 .
1890 2042 1905 2057 .
1945 1994 2157 2078 φιλίαν
2197 1992 2430 2074 πορίζων

416 2113 511 2177 καὶ
544 2112 827 2178 κοινωνίαν
857 2116 1006 2177 πᾶσι
1044 2112 1313 2193 Πέρσαις.
1361 2111 1441 2177 In
1477 2112 1754 2177 Platonis
1785 2111 1920 2176 loco
1952 2110 2195 2190 ἕβδομος
2226 2113 2432 2191 λαβὼν

418 2233 601 2307 αὐτὴν
660 2232 959 2316 significat
1018 2254 1319 2317 „regnum
1366 2252 1670 2319 occupans
1717 2254 1878 2295 unus
1926 2253 1959 2296 e
2003 2239 2234 2318 septem
2295 2232 2434 2297 Per-

420 2371 623 2415 sarum
669 2349 1045 2435 principibus
1060 2350 1123 2427 ,”
1152 2351 1228 2415 iis
1261 2352 1371 2435 qui
1401 2358 1614 2415 contra
1645 2350 1900 2435 Magum
1931 2352 2428 2440 conjuraverant3

421 2476 626 2533 noster
671 2467 930 2533 ridiculo
976 2470 1173 2533 utitur
1203 2468 1524 2534 verborum
1563 2469 1707 2533 lusu
1723 2518 1742 2547 ‚
1777 2491 1970 2554 quum
2001 2468 2258 2533 Darium
2288 2469 2434 2534 facit

418 2588 812 2669 ἑπταπλασίῳ
871 2586 1370 2672 praestantiorem
1428 2587 1726 2672 Dionysio
1741 2637 1762 2666 ‚
1825 2595 1898 2652 ut
1955 2589 2064 2673 qui
2109 2588 2432 2673 imperium

418 2706 741 2771 Persarum
786 2706 1091 2771 divisisset
1134 2706 1201 2770 in
1254 2713 1483 2792 septem
1518 2712 1722 2791 partes
1762 2705 2034 2791 singulas
2064 2713 2198 2771 tota
2227 2705 2435 2770 Sicilia

419 2826 695 2890 maioreS.
764 2816 921 2889 Tum
935 2874 956 2903 ‚
1027 2823 1366 2889 secundum
1436 2824 1755 2889 Platonem
1771 2872 1790 2902 ‚
1862 2823 2095 2888 ordinis
2155 2847 2190 2889 a
2245 2824 2434 2889 Dario

420 2944 739 3007 constituti
799 2950 1041 3007 tantum
1101 2943 1319 3023 σμικρα
1386 2943 1652 3024 ὀνείρατα
1727 2942 2070 3019 λέλειπται,
2141 2942 2431 3007 nimirum

419 3060 578 3125 hanc
640 3060 717 3125 ob
773 3083 1017 3127 causam
1081 3061 1198 3146 (uti
1259 3060 1412 3125 dicit
1457 3084 1517 3147 p.
1570 3063 1693 3127 697
1746 3060 1850 3147 G),
1909 3059 1993 3128 ὅτι
2038 3063 2106 3128 τὸ
2151 3062 2434 3141 ἐλεύθερον

420 3180 554 3246 λίαν
614 3179 965 3261 ἀφελόμενοι
1028 3187 1129 3247 τοῦ
1190 3180 1369 3258 δήμου
1383 3229 1402 3257 ,
1458 3181 1525 3245 τὸ
1571 3180 1901 3251 δεσποτικὸν
1946 3181 1994 3245 δ’
2017 3180 2432 3259 ἐπαγαγόντες

421 3302 654 3375 μᾶλλον
709 3304 811 3364 τοῦ
873 3301 1270 3381 προσήκοντος,
1317 3299 1385 3365 τὸ
1429 3301 1604 3383 φίλον
1647 3302 1963 3365 ἀπώλεσαν
2006 3300 2105 3366 καὶ
2152 3302 2216 3365 τὸ
2261 3299 2434 3365 κοινὸν

422 3417 479 3481 ἕν
538 3425 611 3497 τῇ
673 3415 861 3485 πόλει.
951 3419 1071 3495 At,
1120 3418 1458 3483 secundum
1504 3418 1843 3504 Epistolam
1856 3468 1874 3497 ,
1922 3417 2149 3483 Darius
2194 3417 2432 3502 legibus

422 3534 755 3600 condendis
800 3536 884 3602 ἔτι
928 3535 1027 3601 καὶ
1074 3542 1171 3603 νῦν
1223 3538 1561 3616 διασέσωκε,
1607 3537 1668 3601 h.
1702 3560 1754 3602 e.
1787 3536 2094 3603 incolume
2133 3535 2437 3621 praestitit

420 3672 678 3737 regnum
737 3653 1076 3722 Persarum.
1162 3652 1380 3735 Qualis
1440 3666 1575 3719 tum
1621 3654 1740 3719 ista
1792 3654 2183 3719 incolumitas
2245 3659 2430 3732 esset,

422 3792 496 3835 ex
540 3770 797 3835 historia
839 3778 1078 3836 notum.
1171 3771 1265 3836 De
1312 3773 1782 3837 Atheniensium
1830 3772 2174 3858 principatu
2224 3771 2312 3835 ita
2350 3769 2437 3834 lo-

424 3890 663 3975 quitur,
726 3913 787 3977 p.
837 3893 963 3955 332
1012 3890 1095 3955 B:
1152 3890 1239 3957 ἔτι
1284 3891 1333 3955 δ’
1354 3893 1635 3967 Ἀθηναῖοι
1681 3894 1816 3972 πρὸς
1862 3890 2078 3961 τούτοις
2125 3890 2224 3954 οὐκ
2270 3887 2434 3955 αὐτοὶ

422 4009 855 4081 κατοικίσαντες
915 4011 1147 4082 πολλαὶς
1204 4016 1315 4075 τῶν
1358 4010 1649 4085 Ἑλλήνων
1711 4008 1908 4081 πόλεις
1963 4007 2072 4071 ὑπὸ
2117 4007 2436 4087 βαρβάρων

424 4127 873 4206 ἐκβεβλημένας
891 4178 909 4202 ,
972 4130 1115 4195 αλλ’
1166 4127 1495 4206 οἰκουμένας
1543 4126 1995 4209 παραλαβόντες
2013 4176 2030 4197 ,
2079 4122 2231 4203 ὅμως
2279 4125 2438 4203 ἐβδο-

423 4248 687 4324 μήκοντα
730 4247 830 4323 ἔτη
878 4246 1241 4331 διεφύλαξαν
1285 4250 1388 4325 τὴν
1432 4250 1652 4329 ἀρχὴν,
1699 4246 1910 4328 ἄνδρας
1953 4245 2160 4327 φίλους
2206 4245 2266 4310 ἐν
2301 4250 2436 4317 ταῖς
