3092 5084
1412 447 1535 509 103

462 674 532 713 ea
578 652 927 723 conditione
971 660 1043 716 ut
1086 652 1469 736 tyrannidem
1517 653 1583 716 in
1626 652 1936 729 βάσιλείοιν
1983 660 2179 716 vertat
2219 654 2301 736 (p.
2355 656 2481 715 356

463 769 517 831 A
556 772 668 854 sq).
760 769 998 835 Deinde
1051 770 1227 834 docet
1279 770 1720 855 rempublicam
1766 772 1852 835 sic
1899 770 2301 835 ordinandam
2350 794 2480 835 esse

462 888 555 951 uti
616 894 791 953 antea
852 888 1081 952 dictum
1144 896 1333 953 esset:
1384 888 1850 953 assentientibus
1897 889 2142 975 regibus
2192 889 2481 954 creandos

462 1027 590 1071 esse
656 1005 887 1091 legatos
904 1056 923 1083 ,
995 1007 1102 1091 qui
1168 1008 1335 1087 κύριοι
1381 1012 1490 1071 τῶν
1542 1008 1882 1085 διαλλαγῶν
1928 1017 2176 1099 pactum
2220 1008 2479 1086 faciant,

459 1132 593 1188 tum
638 1125 1078 1210 rempublicam
1124 1125 1405 1199 ordinent
1434 1127 1556 1204 ita,
1589 1134 1662 1190 ut
1691 1126 1962 1211 praesint
1993 1150 2162 1212 reges
2189 1136 2482 1217 tanquam

463 1266 771 1307 sacrorum
832 1244 1131 1310 antistites
1147 1294 1165 1322 ‚
1229 1245 1323 1307 his
1386 1244 1690 1309 addantur
1745 1244 1989 1308 XXXV
2036 1246 2440 1327 νομοφύλακες
2458 1296 2476 1328 ,

464 1362 570 1445 (1111
614 1384 753 1425 cum
798 1364 957 1444 δήμῳ
996 1371 1055 1427 et
1083 1364 1269 1443 βουλῇ
1302 1364 1378 1427 (16
1410 1363 1572 1427 bello
1604 1371 1665 1427 et
1695 1387 1842 1448 pace
1874 1364 2234 1442 decernant,
2271 1364 2480 1428 iidem-

461 1503 579 1564 que
639 1482 763 1545 sint
806 1482 1053 1566 ‘judices
1106 1480 1350 1546 θανάτου
1396 1482 1493 1547 xx)
1538 1492 1778 1564 φυγῆς,
1827 1482 2051 1547 additis
2099 1484 2335 1574 selectis
2383 1485 2476 1568 ju-

459 1599 697 1663 dicibus
756 1623 788 1665 e
832 1602 1299 1685 magistratuum
1346 1600 1638 1687 collegiis,
1733 1601 1901 1665 Haeo
1947 1602 2201 1666 consilia
2253 1603 2479 1667 fatetur

459 1718 679 1785 effectu
724 1718 991 1783 difficilia
1038 1720 1284 1804 quidem
1332 1742 1495 1797 esse,
1543 1742 1668 1784 non
1699 1728 1908 1784 tamen
1934 1720 2220 1785 άδύνάτοε.
2271 1720 2477 1816 Quare

458 1843 591 1901 orat
619 1860 697 1901 ne
727 1838 895 1922 prius
927 1838 1257 1917 desistant,
1306 1861 1489 1923 quam
1521 1861 1619 1916 ea,
1670 1861 1826 1923 quae
1857 1861 2024 1905 nunc
2054 1841 2178 1903 θεῖοι
2210 1840 2478 1919 ὂνείράτοι

452 1954 769 2035 videntur,
817 1964 948 2021 rata
994 1964 1055 2021 et
1100 1958 1309 2026 effecta
1353 1956 1750 2021 reddiderint.

1302 2096 1331 2132 ἢ

447 2187 457 2195 ’
536 2192 873 2277 Epistolam
935 2194 1091 2257 banc
1150 2192 1434 2257 nonnulli
1499 2202 1736 2278 partem
1785 2216 1912 2257 esse
1959 2198 2332 2279 putaverunt
2377 2216 2474 2257 su-

442 2312 695 2397 perioris
761 2312 919 2376 male
978 2312 1123 2376 inde
1182 2312 1486 2377 divulsam
1505 2362 1524 2391 ‚
1583 2321 1722 2377 tum
1782 2312 1859 2376 ob
1923 2312 2119 2397 prima
2181 2312 2471 2399 epistolae

444 2431 658 2495 verba:
720 2428 806 2497 “A
850 2431 899 2495 δ’
938 2430 1010 2497 ἂν
1058 2431 1434 2509 διανοηθέντες
1481 2432 1759 2514 μάλιστά
1811 2426 1874 2497 εὖ
1918 2431 2230 2513 πράττοιτε
2246 2481 2266 2521 2
2316 2453 2470 2514 quae

444 2571 567 2612 non
628 2549 991 2614 videbantur
1044 2551 1281 2636 justum
1339 2552 1592 2632 initium
1652 2552 1848 2615 facere
1862 2600 1881 2629 ‚
1946 2557 2082 2615 tum
2143 2549 2310 2636 quod
2356 2551 2470 2614 hac

440 2668 697 2753 epistola
758 2668 1172 2735 contineretur
1216 2673 1249 2745 ἦ
1294 2669 1604 2749 ξυμβουλὴ
1655 2671 1722 2734 111
1767 2670 1968 2755 priore
2016 2669 2274 2755 epistola
2323 2684 2456 2754 pro-

438 2786 641 2851 missa.
712 2788 798 2851 At
842 2788 1089 2853 initium
1132 2796 1293 2855 recte
1339 2812 1404 2853 se
1450 2789 1636 2854 habet
1657 2839 1676 2869 ‚
1725 2790 1778 2852 si
1808 2788 2343 2853 animadvertimus
2380 2812 2469 2852 sa·

439 2905 801 2972 lutationem
845 2914 1081 2991 partem
1126 2930 1253 2973 esse
1298 2908 1491 2993 ipsius
1542 2906 1866 2993 epistolae3
1917 2929 2105 2993 quare
2136 2914 2466 2993 praeeunte

438 3023 792 3090 Hermanno
838 3025 1311 3112 interpungatur
1356 3026 1473 3091 hoc
1520 3025 1738 3090 modo:
1789 3026 2044 3091 Πλάτων
2091 3034 2208 3097 τοῖς
2255 3016 2466 3098 Δίωνος

438 3144 651 3217 οἰκείοις
711 3168 779 3209 τε
840 3144 937 3209 κοοὶ
1000 3146 1237 3227 ἑταίροις
1298 3142 1363 3211 εὖ
1424 3143 1700 3226 πράττειν
1724 3194 1743 3228 ,
1805 3142 1848 3209 ἃ
1893 3144 1940 3208 δ’
1965 3143 2037 3209 ἂν
2083 3144 2462 3219 διανοηθέντες

438 3262 713 3339 μάλιστά
763 3259 827 3328 εὖ
872 3263 1184 3345 πράττοιτε
1227 3264 1398 3338 ὅντως
1444 3264 1791 3344 πειράσομαι
1843 3262 2159 3345 διεξελθεῖν.
2185 3300 2198 3319 ·
2254 3262 2464 3327 Simile

439 3388 531 3444 est
589 3380 837 3457 initium
895 3381 1207 3469 Epistulae
1268 3378 1435 3447 XIII
1449 3432 1468 3461 ‚
1532 3381 1700 3466 quod
1760 3382 1909 3445 item
1967 3381 2124 3446 male
2171 3383 2326 3446 solet
2370 3382 2460 3446 in-

439 3500 759 3585 terpungi,
824 3500 911 3563 sic
958 3500 1320 3585 legendum:
1400 3501 1712 3566 Πλάτων
1759 3500 2093 3581 Διονυσίῳ
2153 3500 2462 3581 τυράννῳ

442 3623 921 3697 Συράκουσιῶν
975 3615 1049 3683 εὖ
1093 3618 1431 3698 πράττειν
1474 3619 1637 3699 άρχή
1687 3642 1768 3683 σοι
1813 3626 1919 3693 τῆς
1965 3619 2276 3693 ἐπιστολῆς
2312 3600 2458 3685 ἔστιο

438 3735 537 3800 κοιὶ
582 3734 719 3813 ἅμα
762 3735 1059 3815 ξύμβολον
1102 3737 1186 3803 ὅτι
1232 3740 1369 3819 πάρ’
1392 3739 1533 3816 ἐμοῦ
1569 3738 1696 3802 ἐστί
1713 3762 1728 3799 t
1778 3737 1838 3801 h.
1873 3760 1924 3801 e.
1959 3737 2315 3815 „salutandi
2346 3738 2461 3802 for·
2543 3762 2548 3771 ·

438 3854 638 3922 mula:
724 3854 975 3920 Πλάτων
1054 3856 1324 3938 Διονυσίῳ
1398 3853 1463 3921 εὖ
1538 3854 1814 3934 πράττειν
1882 3858 2028 3940 (qua
2099 3864 2455 3941 personatus

438 3972 613 4037 Plato
660 3974 754 4037 uti
798 3974 953 4038 solet
998 3996 1107 4059 pro
1153 3974 1390 4059 vulgari
1434 3974 1695 4056 χαίρειν,
1744 3974 1819 4038 cf.
1874 3996 2060 4059 supra
2103 3997 2163 4058 p.
2225 3976 2305 4037 89
2341 3978 2456 4060 sq.)

348 4150 352 4156 .
438 4092 552 4156 tibi
611 4092 977 4159 documento
1041 4094 1155 4172 sit,
1220 4095 1375 4159 hanc
1438 4092 1757 4179 epistolam
1819 4116 1854 4156 a
1909 4092 2164 4157 Platone
2211 4094 2454 4160 missam

441 4211 629 4278 esse-’⁹
720 4212 831 4276 Uti
900 4219 1101 4276 autem
1167 4214 1317 4278 haec
1385 4211 1642 4299 epistola
1709 4209 1916 4297 (VIII)
1979 4212 2215 4297 justum
2270 4212 2454 4276 habet
