3092 5084
1628 475 1709 540 14

668 685 956 769 epistolae
1001 691 1244 749 tantum
1289 684 1507 770 probat
1523 734 1542 762 ‚
1592 685 1945 769 scriptorem
1994 685 2102 769 qui
2147 707 2277 749 eam
2333 686 2674 771 composuit

665 805 871 889 inepte
930 812 992 867 et
1047 804 1263 867 inscite
1323 804 1601 868 finxisse:
1664 826 1851 889 quare
1912 802 2325 869 restituendus
2372 779 2465 869 est
2511 804 2672 869 codi-

666 944 806 986 cum
849 922 1098 986 titulus:
1145 921 1398 988 Πλάτων
1443 920 1713 1003 Διονυσίῳ
1757 917 1820 987 εὖ
1864 923 2157 1002 πράττειν.
2184 923 2235 1007 1)

755 1038 899 1102 Νο11
943 1039 1168 1102 maiore
1211 1041 1343 1103 iure
1387 1038 1603 1103 Dionis
1642 1061 1869 1104 -nomen
1914 1062 2024 1125 pro
2063 1039 2317 1103 Platone
2354 1039 2673 1104 substituit

664 1157 913 1232 Eicinu's
972 1158 1038 1221 in
1083 1157 1196 1243 Ep.
1245 1156 1303 1220 V
1319 1207 1336 1236 ‚
1385 1179 1567 1243 quem
1624 1165 1826 1222 tamen
1871 1157 2078 1243 plures
2124 1159 2316 1223 secuti
2364 1166 2537 1236 sunt,
2586 1181 2673 1222 re-

664 1275 1069 1341 clamantibus
1129 1276 1440 1342 codicibus
1493 1283 1555 1340 et
1599 1277 1727 1340 sine
1770 1276 2037 1340 ratione:
2086 1300 2227 1341 nam
2277 1278 2441 1361 quod
2495 1277 2673 1342 Plato

666 1394 753 1458 ibi
799 1394 874 1458 de
921 1417 986 1458 se
1013 1395 1146 1480 ipso
1176 1395 1243 1458 in
1271 1395 1452 1459 tertia
1488 1397 1583 1480 (ut
1614 1395 1809 1480 aiunt)
1839 1417 2097 1480 persona
2126 1395 2422 1479 loquitur,
2471 1395 2537 1460 id
2553 1447 2571 1474 ,
2621 1396 2672 1459 si

667 1504 990 1576 verborum
1036 1512 1310 1576 ordinem
1355 1521 1416 1576 et
1461 1513 1674 1576 seriem
1720 1519 1984 1597 spectaS,
2034 1535 2104 1576 eo
2135 1513 2269 1577 loco
2299 1513 2457 1577 nihil
2488 1513 2673 1577 habet

565 1679 572 1686 .
669 1621 1036 1696 offensionis,
1128 1631 1444 1695 Praeterea
1505 1638 1599 1696 est
1657 1631 1963 1696 Ciceronis
2024 1631 2195 1696 locus
2258 1632 2323 1695 in
2381 1631 2537 1717 Epp.
2595 1631 2672 1695 ad

670 1750 810 1814 Div.
858 1750 925 1829 I,
975 1754 1012 1813 9
1059 1752 1094 1835 ᾧ
1143 1753 1257 1828 18,
1305 1751 1411 1816 ubi
1459 1751 1607 1814 haec
1654 1751 1910 1836 epistola
1954 1757 2027 1815 ut
2073 1773 2108 1814 a
2137 1750 2394 1814 Platone
2448 1751 2671 1836 scripta

671 1868 844 1931 citari
904 1867 1165 1932 videtur.

761 1985 1040 2069 Denique
1100 1993 1246 2049 sunt
1298 1985 1521 2068 quibus
1577 1984 1853 2070 Epistola
1913 1984 2107 2064 VIII,
2156 1985 2232 2049 ad
2277 1985 2493 2049 Dionis
2539 2008 2671 2070 pro-

671 2105 932 2188 pinquos
992 2104 1176 2168 missa
1191 2154 1209 2182 ,
1274 2125 1411 2188 pars
1469 2125 1597 2167 esse
1642 2103 1819 2166 VII¹²⁰
1879 2111 1939 2168 et
1984 2104 2129 2167 huic
2174 2104 2547 2168 annectenda
2590 2103 2673 2167 vi-

671 2223 876 2286 detur:
920 2244 1102 2306 quam
1147 2223 1492 2306 opinionem
1532 2221 1745 2286 falsam
1778 2245 1903 2286 esse
1934 2223 2092 2287 infra
2118 2223 2433 2287 ‘ostendam
2443 2249 2463 2301 3
2511 2245 2675 2286 nunc

671 2341 1158 2429 animadvertisse
1220 2340 1480 2404 sufficiat
1537 2339 1601 2404 id
1663 2363 1997 2426 repugnare
2041 2340 2342 2429 Thrasylli
2386 2341 2637 2404 notitiae
2654 2388 2672 2417 ,

668 2459 1004 2525 secundum
1051 2482 1230 2542 quem
1276 2481 1399 2523 non
1446 2481 1599 2537 una,
1648 2459 1753 2523 sed
1798 2459 1954 2523 duae
1986 2460 2153 2523 fuere
2194 2459 2502 2544 Epistolae
2538 2459 2673 2536 πρὸς

669 2581 800 2651 τοὺς
847 2581 1055 2650 Δίωνος
1100 2578 1342 2651 οἰκείους.

759 2695 853 2760 Ex
911 2697 1007 2760 his
1066 2696 1258 2781 igitur
1317 2695 1468 2759 effici
1528 2702 1756 2780 potest,
1818 2694 2124 2780 Epistolas
2170 2717 2325 2780 quae
2370 2695 2673 2780 hodieque

669 2814 944 2878 Platonis
998 2815 1243 2878 nomine
1301 2820 1540 2877 exstant
1601 2813 1837 2877 easdem
1900 2837 2027 2878 esse
2083 2836 2233 2898 quas
2278 2814 2447 2878 novit
2490 2813 2677 2877 Thra-

672 2933 860 3019 syllus
879 2983 897 3011 ‚
943 2931 1171 2996 Tiberii
1216 2932 1484 3015 aequalis
1509 2933 1559 3017 2)
1575 2958 1593 3010 3
1642 2938 1866 2996 ceteras
1913 2954 2069 3016 quae
2113 2932 2385 2996 Platonis
2430 2932 2674 2996 nomine

670 3053 994 3137 inscriptae
1055 3053 1120 3115 in
1180 3051 1621 3115 Socraticorum
1680 3049 1975 3136 Epistolis
2020 3052 2300 3115 feruntur
2314 3101 2333 3130 ,
2379 3051 2472 3114 illi
2516 3051 2676 3115 inco-

672 3173 872 3256 gnitas
918 3171 1123 3234 fuisse.
1216 3169 1420 3233 Unde·
1443 3179 1693 3254 apparet
1738 3192 1933 3233 errare
1978 3192 2079 3233 eos
2127 3170 2233 3253 qui
2271 3170 2485 3234 harum
2517 3169 2673 3254 Epp.

671 3288 998 3354 nonnullas
1059 3311 1092 3351 a
1138 3287 1485 3351 Christiano
1530 3288 1777 3352 homine
1822 3288 2106 3352 confictas
2154 3310 2282 3351 esse
2328 3288 2673 3372 opinantur.

740 3502 790 3563 1)
822 3501 894 3549 Eo
941 3500 1122 3549 corruit
1169 3501 1396 3550 Boeckhii
1431 3501 1595 3566 opinio
1629 3501 1681 3549 iu
1714 3501 1904 3550 Platon.
1938 3501 2060 3550 Min.
2094 3516 2125 3565 p
2157 3500 2250 3558 43,
2294 3499 2375 3564 qui
2409 3498 2549 3562 hujus
2584 3498 2678 3562 epi-

673 3595 822 3645 stolae
855 3595 960 3644 loco
993 3595 1289 3645 inserendam
1322 3596 1519 3660 putabat
1552 3611 1695 3644 unam
1730 3611 1756 3644 e
1790 3595 2073 3652 Socraticis,
2109 3593 2281 3643 XXIV.
2333 3593 2457 3642 Item
2481 3593 2674 3642 illorum

673 3691 754 3754 qui
813 3689 1080 3755 Epistolam
1133 3691 1250 3739 xm
1295 3691 1362 3740 ad
1413 3690 1688 3755 Dionysium
1738 3690 1786 3738 in
1839 3688 1955 3739 duas
2006 3688 2231 3753 epistolas
2280 3687 2457 3738 vellent
2502 3688 2672 3747 dividi,

673 3790 728 3835 ut
760 3785 938 3850 placuit
974 3785 1307 3849 Wesselingio‚
1341 3784 1710 3844 'Pennemanno‚
1750 3785 1888 3834 Astio
1924 3789 1989 3850 (p.
2032 3783 2127 3833 529
2154 3786 2261 3848 sq.).
2329 3786 2671 3848 Argumentum

565 3929 570 3932 .
674 3897 767 3945 quo
811 3881 980 3930 horum
1017 3881 1178 3945 opinio
1212 3881 1408 3941 nititur,
1459 3880 1586 3944 quod
1620 3896 1787 3944 nempe
1820 3881 2105 3930 Plutarchus
2140 3881 2189 3928 in
2223 3883 2431 3928 extrema
2464 3878 2675 3943 Epistola

671 3975 848 4039 scripta
881 3991 980 4026 esse
1016 3980 1244 4025 memorat
1276 3991 1394 4040 quae
1426 3991 1555 4025 nunc
1588 3975 1636 4024 in
1670 3975 1825 4025 media
1856 3975 2105 4041 leguntur,
2138 3975 2187 4024 id
2221 3978 2357 4024 acute
2388 3973 2529 4024 diluit
2548 3974 2670 4023 Her-

597 4087 603 4096 ·
673 4085 844 4130 mann,
879 4070 987 4120 libr.
1022 4071 1148 4120 laud.
1182 4085 1228 4134 p.
1268 4068 1381 4119 591.
1413 4074 1514 4120 not.
1550 4070 1661 4120 214.

737 4163 787 4227 2)
819 4166 891 4213 De
926 4165 1016 4214 hoc
1039 4164 1132 4214 vid.
1164 4164 1383 4224 Jonsius,
1417 4165 1488 4214 De
1523 4164 1685 4228 script.
1720 4164 1830 4214 hist.
1866 4163 1981 4228 phil.
2006 4163 2115 4223 111,
2149 4179 2191 4212 c.
2218 4163 2275 4222 3,
2312 4163 2401 4221 18;
2435 4162 2669 4226 imprimis

675 4276 787 4310 vero
821 4260 1044 4320 Sstckow,
1080 4261 1168 4308 Die
1203 4261 1320 4309 wisa.
1358 4277 1405 4309 u.
1439 4260 1619 4309 kunstl.
1653 4261 1796 4308 Form
1830 4259 1911 4308 der
1944 4259 2071 4308 Plat.
2107 4258 2240 4308 Schr.
2274 4274 2321 4322 p.
2360 4257 2639 4311 167—175.
