3092 5084
1335 485 1418 544 49

366 692 592 770 μαστὸς
637 691 708 756 ὢν
753 691 1054 771 ἄνθρωπος.
1105 691 1230 752 351
1281 689 1367 752 D:
1417 690 1597 762 παθος
1642 689 1715 754 ἂν
1761 690 1893 763 ἴσως
1940 692 2001 755 οὐ
2048 689 2386 766 θαυμαστὸν

364 813 411 876 εἰ
445 811 633 876 ποὶθοι.
703 809 980 874 Plurima
1015 807 1316 872 eiusmodi
1357 815 1717 894 exaggerata
1748 809 1911 873 diota
1945 809 2213 873 offerunt
2244 808 2386 894 Epi-

368 929 597 1008 stolae‚
652 929 746 996 uti
791 951 851 1014 p.
901 929 1024 993 327
1079 925 1162 990 O:
1209 927 1336 1006 βίον
1372 929 1685 1008 ἀμήχανον
1717 929 2121 1006 μακαριότητι.
2154 951 2214 1012 p.
2252 929 2377 991 351

369 1047 455 1111 E:
530 1047 806 1113 Σικελίαν
868 1045 1052 1112 πένθει
1113 1046 1443 1123 περιβαλὼν
1503 1046 1716 1126 ,αυρίῳε
1786 1047 2009 1130 quibus
2066 1047 2168 1111 vix
2214 1045 2390 1110 aliud

364 1165 748 1230 manifestius
797 1163 1030 1228 fraudis
1076 1162 1374 1228 indicium
1418 1164 1704 1248 reperias.

453 1283 813 1367 Sequuntur
856 1282 1107 1346 haecce:
1165 1282 1262 1346 καὶ
1310 1282 1440 1359 ὁρῶν
1486 1281 1663 1355 δήπου
1706 1281 1839 1353 τοὺς
1884 1279 2090 1360 ἄνδρας
2138 1283 2193 1345 ἔν
2237 1281 2381 1362 χρό·

367 1428 438 1483 νῳ
495 1405 674 1484 ὀλίγῳ
725 1402 938 1483 χρυσὸν
979 1399 1400 1476 ἀποδείξαντας
1449 1403 1554 1475 τὴν
1598 1400 1909 1478 ἔμπροσθεν
1953 1402 2250 1486 πολιτείαν
2308 1400 2389 1465 τοὶ

364 1520 594 1587 τὀἷλλα
639 1522 735 1586 καὶ
782 1521 954 1605 φίλον
998 1518 1175 1599 ἄνδρα
1220 1521 1343 1596 ἐμοὶ
1391 1519 1775 1600 πρεσβύτερον
1823 1519 2101 1600 Σωκράτη
2120 1568 2134 1592 ,
2180 1518 2238 1583 ὃν
2280 1519 2395 1596 ἐγὼ

367 1643 581 1722 σχεδὸν
625 1643 723 1706 οὐκ
768 1639 839 1705 ἂν
885 1640 1265 1720 αἰσχυνοίμην
1311 1639 1480 1704 εἰπὼν
1512 1638 1870 1704 δικαιότατον
1900 1635 2043 1703 εἶναι
2076 1642 2187 1703 τῶν
2218 1637 2352 1704 τότε
2372 1685 2390 1717 ,

369 1761 474 1824 ἐπί
529 1784 660 1825 τινα
719 1765 830 1824 τῶν
889 1767 1133 1824 πολιτῶν
1179 1759 1305 1836 μεθ’
1351 1758 1549 1836 ἑτέρων
1594 1757 1856 1834 ἔπεμπον
1901 1757 2011 1838 βία
2056 1755 2276 1833 ἄξοντα
2322 1759 2397 1828 ὡς

366 1878 826 1954 ἀποθανούμενον
841 1926 856 1952 ,
903 1875 1000 1943 ἵνα
1045 1877 1110 1949 δὴ
1155 1876 1398 1955 μετέχοι
1445 1881 1555 1940 τῶν
1601 1873 1973 1955 πραγμάτων
2022 1877 2217 1945 αὐτοῖς
2280 1872 2400 1939 εἴτε

371 1995 642 2073 βούλοιτο
697 1995 814 2060 εἴτε
873 1995 984 2070 μή·
1046 1996 1072 2060 ὅ
1133 1994 1192 2058 δὲ
1252 1997 1352 2058 οὐκ
1405 1994 1660 2058 ἐπείθετο
1678 2041 1693 2068 ,
1751 1997 1871 2057 πᾶν
1933 1993 1990 2057 δὲ
2050 1993 2396 2058 ἐκινδύνευσε

375 2087 582 2179 παθεῖν
643 2114 770 2192 πρὶν
823 2113 1058 2178 ἀνοσίων
1113 2115 1310 2184 αὐτοῖς
1371 2111 1546 2192 ἔργων
1593 2111 1857 2189 γενέσθαι
1903 2111 2153 2184 κοινωνός
2174 2161 2188 2176 .
2236 2109 2278 2176 ἃ
2328 2112 2393 2186 δὴ

377 2233 586 2298 πάντα
631 2234 872 2312 καθορῶν
917 2231 1015 2296 καὶ
1062 2229 1116 2296 εἴ
1149 2234 1253 2295 τιν’
1299 2228 1465 2294 ἄλλα
1504 2236 1751 2295 τοιαῦτα
1782 2232 1842 2294 οὐ
1875 2231 2121 2313 σμικρὰ,
2156 2230 2396 2310 ἐδυσχέ-

379 2351 531 2431 ρανοὲ
577 2375 644 2415 τε
689 2348 786 2414 καὶ
834 2348 1087 2427 ἐμαυτὸν
1131 2350 1510 2427 ἐπανήγαγον
1554 2349 1674 2414 οὶπὸ
1719 2355 1829 2413 τῶν
1874 2349 2006 2414 τότε
2051 2356 2260 2414 κακῶν.

467 2467 696 2532 Totum
738 2467 943 2532 locum
981 2466 1299 2552 descripsi,
1335 2473 1406 2529 ut
1439 2464 1956 2531 animadvertatur
1992 2467 2401 2530 anacoluthon

379 2609 506 2672 quo
568 2586 871 2651 sententia
929 2585 1199 2664 laborat3
1247 2585 1416 2670 prius
1479 2607 1622 2648 vero
1680 2607 1864 2668 quam
1919 2584 1985 2648 id
2045 2584 2361 2650 ostendam
2379 2634 2398 2664 ,

379 2707 504 2770 alia
549 2705 849 2790 quaedam
893 2703 1181 2768 notanda.
1256 2704 1470 2784 Χρυσὸν
1499 2703 1925 2780 ἀποδείξαντας
1956 2707 2059 2781 τὴν
2090 2705 2401 2785 ἔμπροσθεν

381 2824 682 2890 πολιτείαν
728 2822 894 2887 haud
960 2823 1282 2888 invenuste
1342 2822 1578 2886 dictum
1644 2830 1736 2887 est
1796 2822 1874 2887 ad
1936 2822 2401 2908 significandum

383 2949 766 3030 praesentem
827 2942 1196 3028 reipublicae
1258 2940 1845 3006 administrationem
1891 2947 2017 3006 tam
2064 2963 2403 3028 perversam

383 3063 571 3126 fuisse
587 3112 606 3141 ,
669 3071 741 3127 ut
783 3061 949 3147 prior
993 3084 1196 3127 rerum
1241 3067 1437 3126 status
1485 3083 1737 3126 aureum
1782 3061 2093 3126 saeculum
2142 3063 2400 3147 (merum

387 3182 630 3264 aurum)
690 3178 1013 3244 videretur.
1105 3177 1607 3244 Hemsterhusius
1668 3179 1745 3242 ad
1799 3177 2059 3244 Luciani
2103 3178 2397 3265 Necyom.

387 3321 441 3364 o.
491 3302 534 3362 4
579 3298 722 3384 (vol.
775 3301 831 3362 1.
879 3321 939 3384 p.
986 3299 1140 3383 460)
1159 3347 1178 3378 ,
1229 3298 1337 3382 qui
1382 3298 1562 3383 plura
1590 3298 1778 3362 huius
1810 3298 2097 3363 dictionis
2130 3298 2403 3384 exempla

388 3441 421 3484 e
467 3417 778 3496 Luciano,
824 3416 1143 3502 Eunapio,
1190 3416 1550 3496 PlutarohO,
1600 3417 1798 3482 Dione
1845 3416 2086 3497 Cassi0‚
2122 3418 2365 3490 exhibet
2384 3467 2401 3496 ‚

387 3545 600 3602 monet
661 3536 909 3602 ductam
969 3560 1098 3602 esse
1158 3536 1234 3602 ab
1295 3536 1591 3623 Euripide
1652 3537 1869 3604 Troad.
1921 3560 2007 3601 vs,
2059 3541 2226 3616 432,
2295 3537 2402 3602 ubi

393 3656 732 3721 Cassandra
775 3656 840 3720 in
887 3655 1129 3720 Ulixem
1175 3654 1360 3720 dicit:

703 3776 774 3848 ὥς
825 3774 1038 3855 χρυσὸς
1086 3777 1244 3856 αὐτῷ
1289 3775 1460 3854 τοίμέι
1507 3774 1607 3839 καὶ
1656 3781 1890 3855 Φρυγῶν
1934 3776 2095 3840 κακα

705 3893 851 3971 δόξει
895 3897 1024 3958 ποτ’
1069 3891 1230 3961 εἶναι.

396 4013 578 4078 Unde
624 4021 686 4078 et
728 4013 794 4076 in
840 4012 954 4078 hac
1000 4012 1256 4097 epistola
1303 4020 1364 4076 et
1408 4013 1621 4077 ceteris
1667 4013 1732 4077 in
1776 4011 1927 4077 loeis
1967 4034 2077 4097 pro
2109 4011 2405 4098 adjeotivo

399 4133 662 4216 (χρυσῆν)
728 4128 1143 4215 reponendum
1207 4138 1412 4194 censet
1472 4130 1925 4195 substantivum
1984 4131 2199 4211 χρυσόν
2216 4179 2233 4208 ,
2307 4129 2407 4192 cui

401 4247 808 4334 adstipulatur
868 4246 1138 4312 Cobetus
1197 4249 1260 4312 in
1315 4247 1458 4312 Var.
1506 4247 1677 4312 Lect.
1728 4271 1789 4334 p.
1838 4250 1963 4312 236
2014 4255 2076 4312 et
2122 4249 2409 4334 suffragan

2132 4369 2173 4423 4
