3092 5084
1357 474 1469 533 141

411 680 646 743 Auctor
712 680 855 743 facti
902 702 1029 742 esse
1076 678 1408 763 putabatur
1453 677 1806 743 Heraclides
1817 728 1836 757 ,
1885 679 2100 743 Dionis
2149 678 2416 756 amicuS,

410 820 590 882 quem
635 798 773 862 ideo
819 797 1247 882 comprehendi
1292 798 1623 882 Dionysius
1661 798 1880 882 jussit3
1929 798 2032 862 ille
2080 798 2322 881 aufugit
2351 798 2416 861 111

406 916 749 981 Poenorum
812 917 1137 993 ditionem,
1200 916 1364 979 unde
1425 915 1788 980 Corinthum
1851 917 2156 1001 pervenit,
2224 930 2295 980 ut
2339 917 2414 981 ab

408 1036 709 1099 historicis
754 1035 1049 1100 traditum
1096 1042 1206 1099 est.
1246 1038 1289 1121 ¹)
1381 1034 1543 1099 Hinc
1587 1035 1992 1120 expostulatio
2026 1027 2186 1100 inter
2214 1036 2416 1101 Plato-

407 1178 544 1218 nem
610 1156 865 1238 eiusque
927 1156 1185 1232 amicOS,
1250 1153 1626 1218 Theodotem
1689 1162 1750 1218 et
1810 1125 2148 1239 Euryssbium
2164 1203 2182 1233 ,
2230 1162 2414 1239 atque

410 1273 805 1357 Dionysium,
871 1295 902 1335 6
964 1295 1085 1355 qua
1142 1270 1339 1357 gravis
1386 1273 1582 1335 oritur
1626 1271 1960 1336 discordia:
2009 1272 2186 1336 Plato
2234 1272 2413 1337 domo

409 1392 573 1476 regia
634 1392 913 1455 exclusus
973 1392 1036 1456 in
1098 1392 1255 1455 vitae
1300 1391 1624 1455 discrimen
1672 1391 1867 1468 venit,
1916 1391 2019 1454 sed
2068 1392 2414 1455 interventu

411 1511 712 1595 Archytae
759 1521 819 1574 et
864 1510 1328 1574 Tarentinorum
1377 1534 1413 1573 a
1456 1510 1752 1594 Dionysio
1800 1510 2020 1573 viatico
2067 1510 2328 1573 donatus
2353 1520 2414 1573 et

408 1629 691 1694 dimissus
738 1637 830 1693 est
873 1632 955 1714 (p.
1004 1630 1349 1693 348—350
1399 1628 1493 1714 B).
1530 1631 1577 1714 2)
1975 1617 1980 1623 ”
2219 1631 2221 1635 ’

497 1747 653 1811 Cum
714 1748 825 1811 hac
885 1748 1177 1811 relatione
1224 1748 1594 1811 conveniunt
1640 1769 1794 1830 quae
1841 1748 1916 1811 de
1963 1748 2170 1813 eadem
2216 1772 2280 1812 rc
2326 1772 2412 1813 re-

332 1906 337 1909 ·
404 1865 521 1929 fert
567 1863 965 1941 PlutarchuS,
1014 1865 1187 1928 cuius
1242 1864 1507 1927 narratio
1554 1864 1815 1927 maxima
1859 1888 1968 1949 pro
2001 1873 2171 1950 parte
2203 1890 2274 1929 ex
2301 1866 2411 1929 hac

407 1984 663 2068 epistola
722 1984 1082 2048 concinnata
1148 1991 1273 2059 est,
1322 1981 1618 2067 adspersis
1664 1982 1996 2046 historiolis
2045 1984 2409 2067 quibusdam

405 2103 479 2166 de
524 2104 872 2187 Aristipp0,
921 2102 1235 2179 Philisto,
1264 2102 1558 2165 Helicone
1620 2104 1696 2185 (c.
1750 2104 2066 2187 18--20)‚
2116 2125 2267 2185 quas
2293 2103 2409 2166 for-

406 2222 565 2285 sitan
628 2246 662 2285 a
721 2220 1108 2305 Theopompo
1178 2220 1529 2305 depromsit.
1625 2220 1697 2283 In
1762 2222 1877 2283 hoc
1925 2228 2131 2285 autem
2177 2222 2412 2285 Plutar-

405 2340 555 2404 chus
620 2341 692 2405 ab
756 2341 1011 2425 epistola
1070 2338 1328 2417 recedit,
1394 2339 1559 2423 quod
1622 2339 1772 2403 dicit
1824 2341 1950 2425 jam
2013 2348 2153 2403 ante
2211 2340 2412 2405 Plato-

405 2460 503 2522 nis
551 2460 877 2523 adventum
922 2460 1287 2544 Dionysium
1334 2482 1457 2523 non
1503 2459 1737 2523 misisse
1794 2459 1981 2523 Dioni
2027 2460 2412 2545 praediorum

403 2578 636 2642 reditus
652 2605 669 2655 ;
718 2578 781 2641 in
828 2600 949 2661 quo
995 2600 1132 2641 eum
1181 2577 1499 2663 deceptum
1532 2601 1660 2641 esse
1692 2577 1968 2642 arbitror.
2029 2576 2195 2642 Nam.
2215 2602 2410 2663 usque

404 2695 481 2759 ad
550 2696 823 2760 Platonis
885 2696 1210 2760 adventum
1274 2705 1565 2781 tyrannus
1627 2720 1860 2782 semper
1921 2697 2282 2762 benevolum
2345 2706 2425 2762 se'

402 2838 543 2899 erga
587 2814 844 2878 Dionem
890 2814 1214 2878 simulavit.

485 2933 585 2997 >De
630 2933 785 2997 libro
828 2956 1007 3017 quem
1038 2934 1369 3019 Dionysius
1400 2932 1476 2996 de
1507 2932 1896 3018 philosophia
1925 2934 2232 3019 scripserit
2262 2936 2406 2999 alibi

401 3052 627 3116 mentio
672 3074 796 3116 non
841 3052 941 3129 fit.;
975 3060 1179 3115 tamen
1207 3052 1588 3135 ingeniosum
1625 3056 1764 3115 eum
1795 3059 1856 3114 et
1876 3052 2188 3117 literatum
2213 3054 2402 3119 fuisse

400 3170 533 3255 ipsa
590 3170 739 3235 haec
801 3170 1054 3256 epistola
1114 3171 1339 3235 fatetur
1399 3171 1523 3255 (pp.
1590 3173 1716 3235 338
1765 3178 1826 3234 et
1872 3174 2035 3249 339,
2083 3171 2193 3257 E),
2243 3174 2406 3237 unde

402 3312 526 3353 non
572 3290 793 3353 mirum
840 3291 890 3353 si
935 3290 1047 3353 hac
1095 3259 1336 3375 duoque
1378 3290 1442 3354 in
1472 3314 1537 3355 re
1570 3292 1758 3375 patris
1791 3292 2134 3377 exemplum
2159 3300 2404 3357 secutus

402 3416 526 3486 est,
580 3432 759 3493 quem
810 3408 1147 3495 tragoedias
1184 3409 1592 3494 composuisse
1621 3411 1980 3495 accepimus.
2029 3410 2194 3496 (Vid.
2222 3434 2404 3497 supra

400 3550 460 3611 p.
513 3530 634 3590 133
682 3530 854 3612 not.).
946 3527 1145 3611 Magis
1191 3528 1413 3591 miratu
1458 3527 1747 3613 dignum,
1797 3528 1961 3612 quod
2007 3529 2306 3615 Archytas
2341 3541 2402 3594 et

464 3787 513 3849 1)
547 3786 735 3852 Nepos,
771 3774 915 3836 Dion.
950 3788 995 3836 5.
1046 3787 1175 3836 Plut.
1210 3787 1355 3837 Dion.
1390 3787 1470 3836 32.
1506 3786 1568 3836 cf.
1602 3786 1797 3837 Diodor.
1833 3786 1972 3847 XVI,
2010 3786 2054 3837 6.

464 3885 514 3945 2)
548 3884 689 3933 'Peste
724 3882 935 3941 Lafirtio,
973 3883 1081 3941 111,
1127 3883 1187 3933 21
1202 3920 1217 3942 ,
1252 3886 1355 3935 ἔνιοί
1394 3903 1526 3951 φασιν
1559 3887 1634 3935 καὶ
1669 3884 1932 3935 κινδυνεῦσαι
1971 3887 2104 3937 αὐτὸν
2119 3884 2404 3945 (Platonem)

399 3982 457 4037 ὦς
504 3982 798 4031 ἀναπείθοντα
846 3980 986 4029 Δίωνα
1032 3981 1109 4030 καὶ
1156 3980 1377 4031 Θεοδόταν
1430 3982 1505 4029 ἐπὶ
1550 3988 1610 4049 τῇ·
1642 3988 1724 4037 τῆς
1757 3988 1884 4036 νήσου
1916 3983 2145 4049 ἐλευθερίᾳ
2165 3975 2180 4007 ·’
2209 3984 2286 4032 ὅτε
2324 3985 2396 4032 καὶ

398 4070 627 4142 ’Λρχὺτας
674 4076 806 4123 αὐτὸν
853 4074 878 4123 ὁ
926 4052 1259 4141 Πυθᾷγορικὸς,
1306 4080 1485 4143 γράψας
1512 4077 1753 4133 ἐπιστολὴν
1783 4078 1897 4142 ppo,-
1928 4076 2164 4139 Διονύσιον,
2202 4086 2404 4145 παρῃτή-

402 4189 514 4220 σατο
548 4173 623 4220 καὶ
657 4170 861 4220 διέσωσεν
892 4173 953 4227 εἰς
984 4166 1179 4228 Ἀθήνας.
1246 4170 1373 4219 Haec
1406 4174 1566 4219 autem
1604 4186 1721 4227 non,
1765 4150 1819 4217 ut
1838 4168 1917 4217 ille
1939 4175 2124 4227 narrat,
2144 4170 2193 4218 iu
2216 4173 2399 4231 altera,

401 4266 483 4315 scd
512 4266 562 4315 in
596 4266 738 4315 tertia
772 4266 1065 4331 profectione
1098 4266 1359 4315 obtinuisse
1394 4266 1614 4317 vidimus.
