3092 5084
1631 522 1711 582 82

664 729 935 813 picturae
972 727 1205 791 similis,
1254 725 1513 806 Quaerit
1544 748 1617 789 ex
1646 732 1904 809 tyranno
1921 773 1939 802 ‚
1973 724 2275 809 numquid
2305 726 2375 788 in
2403 722 2673 787 Heracli-

662 847 801 912 dem
862 847 1143 912 statuerit
1201 846 1491 926 νεώτερονς
1555 843 1759 908 addit:
1817 844 1933 908 δοκ
1947 851 2013 907 εἴ
2051 843 2170 921 γάρ
2214 867 2309 922 μοι
2352 844 2545 925 ταύτῃ
2590 866 2673 916 πη

662 965 1042 1043 γεγονέναι
1072 964 1372 1050 φανερὸς
1401 961 2060 1045 ἀποτετραμμένος,
2094 962 2156 1025 h.
2184 984 2235 1025 e.
2269 940 2672 1033 videturenim

662 1086 771 1148 huc
828 1084 1045 1148 alicubi
1099 1082 1387 1147 secessisse
1462 1105 1508 1145 S.
1579 1081 1870 1167 refuqium
1915 1080 2202 1165 quaesisse
2210 1107 2238 1155 ,·
2283 1101 2466 1163 quam
2513 1078 2674 1143 bella

664 1201 745 1265 sit
802 1201 923 1265 ista
993 1200 1361 1295 periphrasis
1374 1249 1393 1277 ‚
1452 1220 1631 1263 nemo
1675 1219 1802 1262 non
1847 1198 2050 1261 sentit.
2135 1197 2296 1261 Tum
2339 1196 2672 1280 Dionysius

662 1318 1004 1399 ἀνεφλέχθη
1018 1368 1033 1395 ,
1097 1318 1488 1402 infiammatus
1546 1323 1633 1381 est
1646 1342 1667 1380 .-
1727 1317 1976 1381 verbum
2029 1315 2248 1379 fortius
2265 1365 2284 1394 ,
2333 1337 2457 1399 quo
2495 1314 2672 1377 Plato

663 1439 777 1502 hoc
825 1459 1007 1502 sensu
1052 1459 1177 1502 non
1223 1438 1450 1515 utitur,
1500 1435 1606 1500 sed
1651 1436 1937 1513 serini-ea,
1986 1442 2058 1500 ut
2101 1434 2412 1499 Plutarch.
2461 1434 2668 1518 Pelop.

663 1578 716 1621 c.
768 1560 888 1621 32:
935 1559 997 1623 οὐ
1044 1556 1310 1637 κατέσχε
1355 1558 1435 1637 τῷ
1479 1557 1746 1634 λογισμῷ
1791 1557 1896 1630 τὴν
1940 1555 2141 1637 ὀργὴν,
2188 1554 2355 1619 ἀλλὰ
2401 1552 2538 1633 πρὸς
2567 1553 2672 1627 τὴν

662 1675 881 1755 βλέψιν
905 1676 1307 1759 ἀναφλεχθεὶς
1330 1676 1451 1741 κτὲ.
1486 1674 1651 1739 Huic
1675 1674 1870 1739 simile
1895 1682 1986 1738 est
2007 1674 2260 1738 verbum
2284 1672 2635 1749 ἐξάπτεσθαι
2651 1723 2669 1747 ,

664 1795 861 1879 Epist.
886 1794 1048 1872 VII,
1074 1818 1135 1879 p.
1169 1797 1295 1857 340
1328 1794 1411 1856 B:
1445 1792 1761 1871 ἐξημμένος
1793 1794 1902 1859 ὑπὸ
1931 1792 2319 1875 φιλοσοφίας,
2345 1814 2613 1855 aecensus
2634 1815 2674 1852 a

652 1914 1050 1996 philosophia.
1114 1912 1213 1976 Sic
1259 1913 1503 1976 Atticus
1552 1913 1733 1977 homo
1777 1935 1898 1976 non
1932 1911 2177 1976 locutus
2210 1919 2400 1987 esset,
2435 1910 2668 1995 opinor.

665 2031 1030 2095 Παντοδαπόι
1087 2032 1389 2111 χρώματα
1450 2029 1580 2107 ἧκεν
1625 2036 1717 2095 est
1759 2030 2050 2095 flosculus
2095 2030 2416 2115 decerptus
2463 2052 2496 2092 e
2541 2027 2673 2091 Pla-

664 2148 825 2211 tonis
870 2148 1128 2233 Lyside,
1175 2172 1235 2233 p.
1286 2150 1411 2210 222
1453 2149 1507 2211 Β
1525 2198 1544 2226 ,
1595 2149 1702 2213 ubi
1747 2147 2152 2236 Hippothales
2200 2148 2308 2212 ὑπὸ
2341 2155 2447 2221 τῆς
2481 2146 2672 2223 ἡδονῆς

668 2265 1021 2331 παντοδαπὰ
1079 2267 1237 2347 ἠφίει
1294 2266 1596 2347 χρώματα
1611 2317 1629 2345 ,
1679 2267 1860 2351 quod.
1897 2266 2130 2331 dictum
2185 2266 2433 2329 seriores
2488 2273 2674 2328 certa-

665 2383 778 2446 tim
822 2383 1045 2446 imitati
1114 2391 1260 2448 sunt
1282 2434 1301 2462 ‚
1376 2391 1451 2448 ut
1493 2389 1668 2448 notat
1713 2384 2032 2449 Heindorf.
2081 2384 2157 2447 ad
2201 2384 2264 2447 h.
2311 2383 2352 2447 1.
2446 2380 2675 2445 Noster
2770 2412 2776 2417 ·

666 2493 807 2564 vero
878 2501 1237 2586 elegantiam
1310 2501 1459 2567 dicti
1514 2504 1786 2589 corrupit
1846 2503 2124 2568 addendo
2185 2500 2350 2586 quod
2411 2501 2674 2585 quisque

668 2625 883 2702 sponte
927 2618 1257 2705 intelligat,
1304 2616 1397 2687 οἶοι
1442 2620 1513 2687 ἂν
1559 2620 1903 2699 θυμούμενος
1947 2621 2148 2704 ἀφείη.
2213 2619 2504 2704 Sequitur
2534 2641 2673 2703 sup-

671 2737 944 2820 plicatio,
1011 2740 1285 2823 jurgium
1302 2790 1321 2817 ,
1388 2740 1680 2825 jactantia
1750 2741 1930 2804 verba
1988 2740 2263 2804 Platonis
2276 2789 2295 2817 ‚
2352 2736 2674 2819 τυραννικὸν

668 2855 929 2932 βλέμμα
971 2855 1287 2942 Dionysii3
1334 2858 1582 2923 tandem
1628 2865 1860 2924 actores
1903 2882 1967 2923 re
1999 2859 2223 2923 infecta
2253 2856 2594 2922 discedunt.
2627 2857 2674 2940 1)

754 2973 1035 3037 Profecto
1096 2976 1397 3040 neminem
1441 2976 1569 3040 fore
1615 2977 1905 3056 arbitror,
1955 2977 2106 3061 quin
2119 3026 2138 3054 ‚
2198 2976 2313 3039 hac
2361 2996 2540 3039 scena
2586 2980 2674 3037 at-

668 3099 835 3155 tente
878 3092 1171 3177 perlecta,
1218 3094 1481 3158 fateatur
1526 3118 1658 3159 eam
1705 3103 1765 3159 et
1809 3096 1989 3160 rebus
2034 3102 2097 3159 et
2141 3094 2338 3159 verbis
2384 3094 2471 3157 ita
2515 3114 2674 3156 com-

669 3216 942 3294 paratam
1002 3200 1132 3275 esse
1146 3262 1165 3291 ,
1227 3220 1301 3277 ut
1366 3235 1491 3277 non
1559 3214 1908 3291 Platonem,
1980 3214 2084 3278 sed
2152 3214 2358 3299 potius
2428 3212 2673 3276 simium

671 3328 935 3411 aliquem
980 3329 1255 3394 Platonis
1300 3332 1536 3396 referat.

762 3565 930 3630 Haec
975 3566 1051 3631 de
1096 3568 1387 3663 epistolae
1434 3569 1870 3654 compositione
1916 3575 1978 3631 et
2025 3568 2184 3632 stilo.
2273 3567 2672 3652 Compositio-

671 3706 811 3749 nem
856 3684 1033 3749 nobis
1080 3687 1364 3773 apparuit
1407 3686 1592 3751 talem
1638 3710 1766 3751 esse
1783 3737 1802 3765 ,
1852 3693 1924 3751 ut
1967 3709 2091 3751 non
2121 3708 2323 3750 veram
2354 3685 2672 3771 epistolam

671 3802 776 3866 sed
831 3804 1031 3867 fictam
1078 3811 1291 3888 arguat
1307 3854 1327 3883 ,
1374 3828 1626 3889 eamque
1671 3828 1783 3869 nec
1828 3828 1864 3867 a
1907 3804 2160 3868 Platone
2204 3827 2314 3869 nec
2361 3804 2434 3868 ab
2467 3804 2672 3887 aliquo

670 3921 801 3984 eius
861 3920 1251 3985 familiarium
1267 3972 1285 4000 ‚
1345 3923 1448 3987 sed
1496 3946 1531 3985 a
1577 3924 1817 3987 rhetore
1862 3924 1959 3987 vel
2005 3924 2199 3986 otioso
2245 3923 2488 3987 homine
2535 3944 2673 3985 con-

671 4038 991 4123 scriptam3
1039 4040 1369 4105 dictionem
1415 4050 1620 4105 autem
1667 4040 1906 4125 plenam
1954 4063 2078 4105 esse
2132 4041 2387 4126 argutiis
2433 4048 2494 4103 et
2537 4040 2673 4103 flos-

741 4294 789 4356 1)
823 4295 1003 4344 Similis
1035 4297 1223 4360 pictura
1257 4300 1328 4349 est
1360 4299 1411 4347 in
1444 4298 1537 4347 fine
1574 4298 1662 4361 Ep.
1698 4298 1791 4347 111.
1825 4299 1882 4346 de
1916 4314 2008 4361 qua
2039 4288 2163 4348 mox.
