3092 5084
1387 479 1507 538 199

435 706 525 744 ναι
588 685 771 748 ταύτὸ
836 691 953 754 τοῖς
1023 686 1216 748 αὐτοῖς
1279 684 1413 749 τότε
1474 683 1582 760 μὲν
1639 683 1849 750 δίκαιον
1868 733 1884 764 ,
1947 681 2088 748 ὅταν
2133 684 2192 745 δὲ
2233 667 2448 760 βούλή-

432 824 565 880 ται,
632 801 821 866 ἄδικον
881 800 1163 884 (Phaedr.
1226 824 1287 885 p.
1356 803 1481 862 261
1544 799 1618 883 G)
1635 828 1654 879 3
1718 799 1980 885 denique
2047 801 2322 866 homines
2377 824 2447 864 eo

432 921 716 997 adducit,
758 927 829 984 ut
865 925 975 984 τῶν
1013 919 1389 1000 πραγμάτων
1426 919 1638 990 οὐδενὸς
1677 919 1831 984 οὐδὲν
1855 920 2012 996 ὑγιὲς
2051 920 2174 984 οὐδὲ
2203 919 2448 998 βέβαιον

433 1060 561 1102 esse
607 1037 856 1102 credant
900 1037 1152 1120 (Phaed.
1199 1059 1259 1122 p.
1310 1039 1391 1100 90
1442 1035 1535 1120 C).

521 1273 586 1336 Si
662 1283 868 1337 autem
928 1273 1024 1336 his
1086 1273 1151 1336 in
1213 1273 1394 1337 rebus
1459 1272 1714 1358 epistola
1770 1273 2177 1358 maximopere
2233 1297 2268 1337 a
2315 1273 2448 1336 Pla-

432 1393 592 1455 tonis
653 1392 952 1455 sententia
1013 1391 1285 1469 aberrat,
1348 1399 1493 1454 sunt
1545 1398 1750 1455 tamen
1796 1392 1861 1455 in
1908 1379 1979 1455 ea
2024 1413 2178 1475 quae
2221 1392 2446 1476 partim

432 1532 569 1574 cum
640 1509 733 1572 his
780 1531 933 1593 quos
972 1509 1154 1574 attuli
1208 1510 1429 1594 partim
1477 1531 1616 1573 cum
1665 1509 1800 1573 aliis
1842 1509 2117 1573 Platonis
2162 1509 2312 1573 locis
2359 1511 2446 1574 ita

431 1629 761 1692 concinunt
777 1677 797 1704 ,
862 1634 931 1690 ut
991 1627 1264 1691 Platonis
1326 1626 1509 1692 verba
1571 1651 1606 1690 a
1652 1628 1944 1712 scriptore
1991 1650 2270 1713 expressa
2315 1651 2445 1692 esse

430 1746 603 1810 facile
652 1756 955 1831 appareat.
1032 1746 1305 1810 Primum
1355 1767 1511 1829 quae
1541 1744 1694 1809 dicit
1725 1748 1805 1830 (p.
1834 1749 1961 1810 343
1990 1745 2070 1828 D)
2096 1745 2171 1809 de
2197 1745 2442 1810 homine

430 1865 779 1930 dialecticae
811 1865 957 1929 artis
980 1865 1293 1950 imperito,
1322 1873 1393 1928 ut
1424 1887 1459 1928 a
1489 1865 1685 1949 perito
1717 1866 1780 1928 in
1813 1865 2186 1950 disputando
2218 1864 2443 1950 decipi·

432 1993 571 2048 atur
608 1991 667 2048 et
712 1986 1229 2061 εὐκαταγέλαστος
1270 1983 1560 2048 reddatur
1575 2033 1592 2061 ,
1639 2007 1709 2048 ea
1746 1985 2056 2069 scripsisse
2089 1983 2331 2048 videtur
2363 1983 2440 2048 ad

432 2103 892 2168 similitudinem
938 2102 1349 2186 Euthydemi·,
1398 2103 1462 2166 in
1510 2124 1634 2187 quo
1676 2102 1918 2187 dialogo
1949 2102 2226 2186 sophista
2263 2103 2439 2166 indu-

430 2223 590 2286 citur
644 2222 1081 2286 adolescentem
1127 2221 1379 2286 eludens
1426 2231 1487 2285 et
1531 2222 1983 2300 καταγέλαστον
2021 2221 2278 2286 reddens
2295 2272 2312 2299 ‚
2346 2223 2440 2287 διὰ

428 2343 532 2416 τὴν
554 2347 664 2405 τῶν
687 2339 975 2418 ὀνομάτων
1000 2341 1281 2420 διαφοράν
1306 2339 1688 2421 ὑποσκελίζων
1711 2340 1812 2405 καὶ
1835 2341 2171 2419 άνατρέπων
2197 2342 2280 2424 (p.
2311 2341 2438 2406 278

430 2459 546 2544 Β.).
647 2459 822 2540 Quae
895 2459 1177 2543 deinceps
1231 2459 1509 2543 Epistola
1568 2459 1664 2522 his
1718 2457 2068 2543 subjungit:
2132 2461 2229 2524 καὶ
2293 2465 2446 2523 ποιεῖ

427 2580 523 2643 τὸν
581 2578 957 2656 ἐξηγούμενον
1022 2581 1079 2643 ἐν
1138 2578 1332 2654 λόγοις
1385 2578 1418 2654 ἢ
1468 2579 1820 2656 γράμμασιν
1868 2578 1902 2654 ἢ
1946 2580 2275 2656 άποκρίσεσι
2319 2586 2438 2650 τοῖς

428 2705 661 2768 πολλοῖς
711 2706 820 2761 τῶν
864 2697 1177 2762 άκουόντων
1240 2697 1415 2761 δοκεῖν
1470 2696 1645 2774 μηδὲν
1689 2697 2028 2774 γιγνώσκειν
2091 2693 2164 2761 ὧν
2207 2696 2281 2762 ἂν
2301 2698 2440 2762 -ἕπι-

424 2817 589 2896 χείριρ
642 2818 895 2899 γράφειν
956 2817 991 2891 ἢ
1042 2819 1236 2892 λέγειν
1254 2867 1273 2891 ,
1321 2816 1675 2893 ἀγνοούντων
1735 2815 1891 2880 ἕνίοθ’
1953 2817 2026 2888 ὥς
2085 2818 2200 2896 οὐχ
2247 2819 2280 2890 ἦ
2325 2822 2438 2880 τῶν

424 2934 714 3014 τεττάρων
756 2935 933 3017 φύσις
978 2934 1223 2998 ἑκάστου
1268 2935 1407 2998 ἀλλ’
1459 2937 1492 3009 ἦ
1538 2935 1713 3014 ψυχὴ
1757 2939 1858 2997 τοῦ
1902 2931 2242 3014 γράψαντος
2285 2934 2436 3007 ›325-

424 3052 630 3128 ξαντος
676 3053 998 3133 ἐλέγχεται
1038 3059 1339 3134 πεφυκυῖα
1384 3052 1663 3132 φαύλως;
1722 3051 1870 3115 haec
1903 3072 2149 3137 prorsus
2188 3073 2434 3136 respon-

426 3171 575 3235 dent
640 3171 716 3234 iis
786 3192 941 3254 quae
1010 3170 1176 3256 apud
1227 3169 1548 3234 Platonem
1601 3169 1890 3254 leguntur
1947 3169 2014 3233 in
2070 3169 2398 3234 Phaedone
2413 3219 2432 3247 ,

427 3311 484 3373 p.
536 3291 617 3352 90
669 3287 725 3350 D
742 3337 761 3364 ,
816 3288 923 3352 ubi
970 3287 1244 3352 Socrates
1290 3286 1447 3350 illud
1492 3285 1898 3371 maximopere
1937 3286 2270 3352 dolendum
2301 3309 2434 3351 cen·-

344 3484 353 3495 ,
425 3415 518 3470 set
531 3456 551 3483 ,
599 3407 649 3468 si
696 3406 833 3490 quis
878 3416 951 3487 τῇ
991 3407 1328 3486 άντιλογικῇ
1375 3405 1500 3468 sive
1538 3404 1689 3468 falsa
1728 3403 2044 3469 dialectica
2081 3426 2155 3469 eo
2185 3404 2435 3489 perduc-

423 3534 525 3588 tus
586 3535 658 3589 ut
716 3525 871 3589 nihil
932 3547 1141 3590 verum
1187 3534 1297 3590 aut
1348 3531 1582 3589 certum
1628 3547 1757 3588 esse
1803 3524 2163 3602 arbitretur,
2213 3525 2434 3589 deinde

423 3646 507 3720 μὴ
551 3643 750 3708 ἑαυτὸν
798 3643 1025 3723 αἰτιῷτο
1070 3643 1216 3719 μηδὲ
1262 3645 1365 3716 τὴν
1408 3643 1617 3707 ἑαυτοῦ
1661 3643 1949 3722 ἀτεχνίαν
1963 3691 1982 3725 ,
2029 3644 2197 3708 άλλά
2233 3659 2432 3707 τελευ-

421 3767 532 3824 τῶν
576 3761 669 3826 διά
714 3763 780 3825 τὸ
824 3761 1035 3837 άλγεῖν
1080 3760 1329 3838 ἄσμενος
1375 3763 1469 3824 ἐπὶ
1516 3761 1649 3832 τοὺς
1693 3761 1902 3837 λόγους
1947 3763 2062 3841 ἀφ’
2092 3762 2298 3826 ἑαυτοῦ
2329 3764 2433 3836 τὴν

423 3881 616 3944 αἰτίαν
659 3880 960 3944 άπώσαιτο
976 3927 995 3957 ,
1044 3882 1140 3957 „si
1186 3886 1361 3965 putet
1406 3878 1652 3963 culpam
1696 3901 1822 3944 non
1867 3880 1932 3943 in
1978 3902 2090 3943 sua
2120 3879 2313 3964 ipsius
2343 3881 2432 3944 in-

422 3999 597 4062 scitia
642 3999 899 4083 positam
946 4019 1073 4061 esse
1109 3996 1443 4082 (Epistolaz
1491 3999 1606 4077 οὐχ
1646 3999 1678 4071 ἦ
1724 3999 1898 4077 ψυχὴ
1943 4004 2043 4062 τοῦ
2090 3998 2431 4077 γράψαντος

424 4117 457 4192 ἢ
502 4115 775 4192 λέξαντος
828 4117 1204 4202 ἐλέγχεται),
1270 4116 1375 4180 sed
1435 4117 1497 4180 in
1546 4115 1728 4180 rebus
1785 4139 1934 4200 quas
1991 4123 2212 4180 tractat
2267 4107 2431 4202 (Epi-'

423 4236 611 4299 stola:
658 4237 797 4299 ἀλλ’
829 4239 860 4311 ἧ
906 4236 1087 4319 φύσις
1116 4233 1447 4320 ἑκάστου).”
1511 4235 1764 4300 Dictum
1807 4234 2015 4306 κύκλος
2060 4243 2168 4299 τῶν
2200 4238 2256 4298 ἐν
2298 4244 2429 4309 ταῖς
