3092 5084
1292 513 1441 600 ἱ235

458 717 772 785 Postremo
832 720 1031 805 tangit
1090 720 1273 784 etiam
1337 719 1577 784 libellos
1639 719 1935 803 quosdam
1997 718 2072 784 de
2118 718 2384 806 philoso-

369 838 515 924 phia
544 862 581 903 a
618 838 913 926 Dionysio
959 837 1185 916 editoS‚
1234 859 1389 922 quos
1434 860 1467 902 e
1511 837 1788 902 Platonis
1832 837 2224 902 institutione
2269 835 2382 900 flu-

370 957 526 1022 xisse
570 957 723 1021 falso
769 956 1020 1041 quidam
1064 957 1396 1022 crederent.
1488 956 1727 1021 Mentio
1778 957 1895 1021 hac
1940 955 2018 1022 de
2061 978 2128 1020 re
2165 956 2236 1019 fit
2265 954 2380 1040 Ep.

368 1075 498 1141 VII
511 1125 531 1156 ‚
578 1099 639 1162 p.
688 1078 817 1141 341
864 1076 953 1140 B:
1024 1075 1251 1157 ὕστερον
1295 1075 1353 1142 δὲ
1400 1077 1499 1141 καὶ
1544 1074 1731 1142 οὲκούω
1784 1075 2154 1158 γεγραφέναι
2208 1074 2384 1140 αὐτὸν

368 1195 494 1276 περὶ
555 1192 629 1261 ὧν
684 1195 812 1263 τότ)
873 1197 1077 1273 ἤκουσε
1090 1243 1113 1274 ,
1156 1192 1433 1272 ξυνθέντα
1469 1197 1543 1268 ὥς
1589 1195 1770 1261 αὑτοῦ
1815 1195 2031 1276 τέχνην
2075 1194 2229 1260 οὐδὲν
2273 1200 2386 1260 τῶν

368 1315 558 1380 αὐτῶν
603 1311 676 1380 ὧν
728 1314 939 1381 ἀκούοι.
1023 1313 1193 1379 Dicit
1250 1313 1341 1379 ibi
1384 1313 1646 1393 librum,
1695 1335 1880 1399 quem
1924 1313 2260 1400 Dionysius
2307 1311 2385 1378 de

367 1433 758 1520 philosophia
814 1431 1105 1499 edidisset
1170 1440 1465 1518 tanquam
1525 1455 1710 1498 suum
1769 1455 1924 1520 opus
1939 1483 1960 1512 ‚
2029 1433 2188 1498 nihil
2255 1455 2386 1498 esse

369 1553 491 1617 nisi
534 1553 831 1633 παρακοῆν
844 1601 864 1632 ,
910 1553 1181 1639 ineptam
1226 1551 1669 1638 expositionem
1700 1575 1921 1627 ,eorum
1970 1573 2128 1637 quae
2172 1573 2206 1617 e
2249 1551 2390 1616 Pla-

368 1681 513 1736 tone
558 1670 909 1736 audivisset.
964 1671 1186 1756 Itaque
1230 1671 1529 1758 scriptum
1574 1671 1762 1749 illud,
1797 1671 2222 1756 qualecunque
2267 1669 2378 1748 sit,

368 1790 549 1876 plane
606 1798 964 1877 aspernatur
978 1816 997 1855 z
1041 1789 1389 1876 „Quisquis
1404 1840 1424 1871 ‚
1470 1790 1624 1855 dicit
1637 1840 1657 1871 ‚
1704 1790 1782 1856 de
1826 1812 1963 1855 mea
1990 1788 2382 1877 philosophia

372 1907 617 1994 scripsit
674 1909 771 1974 vel
827 1909 1167 1996 scripturus
1214 1915 1306 1974 est
1350 1931 1606 1993 eamque
1651 1909 1957 1995 cognitam
2005 1916 2066 1973 et
2113 1930 2388 1994 perspec-

372 2035 495 2092 tam
581 2027 805 2093 habere
872 2028 991 2094 sibi
1063 2029 1306 2094 videtur
1319 2077 1339 2108 ‚
1414 2028 1592 2093 illum
1669 2029 1767 2092 aio
1837 2027 1995 2093 nihil
2055 2049 2126 2092 ea
2185 2025 2262 2092 de
2321 2050 2388 2092 re

374 2169 585 2232 sapere
602 2145 660 2210 :”
725 2145 952 2214 τοσόνδε
1016 2171 1093 2226 γε
1159 2149 1277 2226 μὴν
1340 2147 1466 2229 περὶ
1534 2145 1767 2213 πάντων
1819 2145 1944 2228 ἔχω
1989 2145 2230 2228 φράζειν
2273 2149 2387 2211 τῶν

375 2263 765 2348 γεγραφότων
808 2264 907 2330 καὶ
952 2265 1297 2347 γραψόντων
1311 2313 1329 2349 ,
1377 2265 1492 2331 ὅσοι
1534 2265 1724 2350 Φασὶν
1753 2263 1956 2331 εἰδέναι
1993 2263 2121 2346 περὶ
2160 2259 2234 2328 ὧν
2271 2263 2390 2340 ἐγὼ

376 2382 677 2466 σπουδάζω
694 2436 713 2460 ,
740 2431 757 2450 .
784 2432 803 2452 .
838 2383 1072 2458 τούτους
1105 2387 1205 2451 οὐκ
1241 2385 1366 2452 ἔστι
1400 2384 1562 2450 κατα
1603 2407 1682 2462 γε
1723 2385 1832 2460 τὴν
1867 2385 2012 2461 ἐμὴν
2053 2381 2224 2460 δόξαν
2263 2381 2390 2462 περὶ

376 2509 479 2569 τοῦ
524 2500 881 2584 πράγματος
925 2503 1149 2569 ἐπαΐειν
1190 2503 1364 2570 οὐδέν.
1432 2502 1718 2568 Eundem
1763 2501 2042 2568 libellum
2089 2499 2291 2586 tangit
2324 2499 2392 2566 in

379 2621 661 2708 Epistola
697 2619 837 2700 HI,
884 2643 947 2708 p.
994 2624 1123 2686 316
1170 2623 1261 2702 A,
1311 2629 1373 2687 et
1415 2621 1527 2712 H.
1569 2645 1630 2708 p.
1677 2623 1810 2686 314
1854 2620 1946 2701 B,
1993 2619 2104 2685 ubi
2136 2619 2216 2684 ad
2245 2617 2392 2684 Dio-

377 2740 623 2826 nysium
673 2740 925 2807 scribit:
972 2742 1109 2823 πρὸς
1151 2744 1327 2808 ταῦτ’
1368 2737 1460 2808 οὖν
1496 2746 1722 2807 σκοπῶν
1767 2739 2029 2818 εὐλαβοῦ
2047 2788 2067 2818 ,
2114 2739 2200 2817 μή
2252 2737 2396 2805 ποτέ

380 2883 467 2926 σοι
509 2861 901 2943 μεταμελήσῃ
942 2865 1055 2926 τῶν
1098 2865 1195 2926 νῦν
1236 2859 1485 2936 ἀναξίως
1534 2860 1909 2927 ἐκπεσόντων.

472 3097 645 3179 Haec
689 3098 1015 3185 praecipua
1059 3105 1207 3164 sunt
1250 3121 1407 3184 quae
1448 3099 1517 3164 in
1562 3097 1854 3185 Epistolis
1885 3098 2162 3164 Platonis
2192 3098 2397 3164 defen*-

386 3215 573 3281 dendi
646 3215 841 3302 gratia
894 3216 1204 3282 dicuntur.
1310 3215 1379 3283 Si
1436 3218 1785 3303 quaerimus
1799 3267 1820 3298 ‚
1867 3217 2120 3303 quinam
2164 3217 2396 3282 fuerint

388 3335 497 3420 qui
556 3333 910 3400 huiusmodi
969 3335 1291 3401 maledieta
1334 3335 1403 3401 in
1445 3335 1767 3402 Platonem
1813 3336 2182 3423 conjecerint
2192 3385 2212 3416 ,
2252 3336 2398 3401 isto-

386 3476 528 3519 rum
562 3475 690 3520 non
730 3476 927 3519 unum
959 3454 1081 3520 fuit
1124 3475 1319 3542 genus
1372 3454 1870 3521 obtrectatorum.

472 3571 749 3650 Primum
792 3571 859 3638 in
903 3595 1153 3638 censum
1195 3573 1457 3639 veniunt
1497 3581 1714 3660 poetae
1759 3573 2007 3654 comici,
2055 3574 2163 3659 qui
2207 3573 2398 3640 veluti

388 3689 599 3756 innato
659 3690 801 3755 odio
861 3713 1069 3757 omnes
1122 3692 1518 3779 philosophos
1565 3693 1871 3779 exagitare
1915 3692 2194 3758 solebant
2209 3743 2228 3774 ,
2274 3716 2402 3760 non

388 3809 641 3876 minime
699 3809 914 3876 offensi
972 3833 1045 3876 eo
1098 3811 1266 3897 quod
1308 3811 1403 3876 illi
1448 3833 1485 3877 a
1528 3811 1792 3898 publicis
1837 3813 2098 3898 negotiis
2145 3835 2210 3877 se
2253 3813 2403 3878 reci·

390 3928 625 4015 pientes
684 3929 885 3994 forum
944 3937 1007 3996 et
1064 3929 1373 3996 theatrum
1426 3931 1690 3997 vitarent
1749 3938 1812 3998 et
1870 3931 1938 3996 in
1995 3930 2213 3996 umbra
2256 3930 2404 3996 deli·

392 4053 726 4126 tescerent,
774 4070 961 4133 quare
996 4055 1071 4114 ut
1096 4049 1567 4132 μσεωρολέσχαι
1598 4057 1662 4115 et
1689 4049 1996 4135 lucifugae
2026 4049 2400 4116 deridentur.
2451 4116 2458 4130 ,

394 4165 494 4231 Ita
547 4165 729 4232 multi
772 4165 1091 4234 Platonem
1137 4190 1383 4254 quoque
1426 4169 1696 4235 riserunt
1745 4175 1820 4234 ut
1864 4168 2198 4255 superbum
2211 4218 2231 4248 ,
2279 4192 2406 4236 mo·

394 4306 638 4366 rosum,
682 4285 890 4352 inania
934 4294 1339 4376 aucupantem
1354 4336 1375 4367 ,
1408 4288 1559 4376 quin
1606 4288 1788 4356 etiam
1831 4286 2226 4356 domesticam
2271 4290 2403 4378 ejus
