3092 5084
1542 540 1665 599 150

590 766 724 808 cum
791 745 1088 829 Dionysio
1148 752 1209 808 et
1254 744 1454 808 Dione
1500 745 1966 809 consuetudine.
2061 746 2347 811 Ceterum
2394 748 2612 812 miran-
2703 782 2708 788 ·

589 864 736 928 dum
781 865 847 929 in
893 865 989 928 his
1038 864 1312 948 epistolis
1358 864 1596 928 nullam
1644 886 1892 949 prorsus
1940 865 2311 929 mentionem
2356 867 2487 929 fier'i
2535 865 2611 931 de

589 984 803 1047 ceteris
849 983 1123 1047 Platonis
1172 983 1765 1069 peregrinationibus
1813 988 1964 1067 quas
2043 985 2378 1069 suscepisse
2419 983 2612 1048 fertur

589 1100 873 1186 Megara,
930 1099 1240 1185 Cyrenen,
1289 1101 1353 1165 in
1387 1101 1771 1185 Aegyptum,
1807 1098 2067 1185 quarum
2099 1096 2610 1165 commemorandi

590 1220 825 1284 occasio
872 1242 995 1283 non
1043 1227 1203 1283 certe
1251 1218 1491 1297 deerat,
1540 1219 1664 1283 imo
1711 1242 1804 1283 res
1853 1220 1982 1304 ejus
2030 1226 2090 1283 et
2143 1220 2330 1284 vitam
2361 1219 2448 1283 sic
2478 1214 2612 1283 naf-

590 1340 742 1415 rari,
809 1345 881 1403 ut
941 1338 1066 1402 illis
1126 1360 1203 1402 ne
1265 1337 1435 1402 locus
1492 1336 1740 1422 quidem
1787 1337 2034 1402 relictus
2083 1339 2395 1403 videatur:
2447 1339 2610 1402 unde

590 1478 781 1541 paene
835 1456 1157 1541 suspiceris
1216 1456 1778 1541 epistolographum
1840 1456 2058 1521 itinera
2103 1458 2218 1521 ista
2264 1458 2610 1542 ignorasse;

593 1597 715 1659 quo
778 1582 993 1659 sponte
1056 1574 1423 1639 adducimur
1470 1574 1546 1638 ad
1595 1574 2045 1658 quaerendum,
2095 1576 2246 1659 quid
2291 1576 2432 1640 fidei
2477 1576 2612 1641 istis

593 1692 992 1758 relationibus
1040 1694 1121 1756 sit
1150 1692 1522 1757 habendum.
1559 1692 1729 1757 Haec
1760 1716 1901 1757 vero
1934 1696 2210 1778 quaestio
2243 1702 2434 1779 quum
2468 1717 2615 1779 quo·

594 1810 919 1876 dammodo
966 1811 1048 1875 sit
1092 1810 1385 1897 digressio
1433 1832 1469 1874 a·
1513 1812 1827 1896 proposito
1843 1861 1865 1890 ,.
1911 1820 2122 1897 postea
2180 1835 2216 1877 a
2257 1835 2355 1876 me
2393 1821 2614 1877 tracta-

593 1930 763 1995 bitur
779 1980 797 2009 ,
848 1932 899 1995 si
944 1931 1115 2015 prius
1161 1921 1361 1995 cetera
1404 1930 1482 1993 ad
1528 1930 1843 1995 historiam
1893 1932 2232 2015 spectantia
2277 1932 2554 2016 attigero,

1526 2169 1676 2279 §4-

805 2382 899 2467 De
944 2403 1086 2467 aliis
1128 2402 1467 2489 quibusdam
1510 2426 1660 2489 quae
1701 2404 1766 2467 in
1811 2405 2098 2487 Epistobis
2139 2408 2410 2488 leyu'ntur

1166 2521 1250 2586 a'd
1288 2521 1594 2586 historiam
1637 2520 2047 2605 spectantibus.

682 2760 759 2825 In
788 2772 791 2778 '
816 2760 1110 2845 Epistolis
1172 2761 1398 2845 passim
1456 2769 1872 2827 memorantur
1931 2785 2026 2826 res
2087 2762 2164 2827 ad
2223 2762 2506 2847 Dionysii
2551 2768 2612 2825 et

591 2878 808 2943 Dionis
868 2876 1158 2941 familiam
1219 2878 1558 2962 spectantes
1574 2905 1592 2955 3
1655 2880 1720 2943 in
1780 2880 1876 2944 his·
1931 2879 2232 2945 nonnulla
2277 2885 2612 2944 occurrunt

591 3020 746 3081 quae
815 2992 1085 3081 arguunt
1160 2996 1439 3081 scriptori
1501 3011 1625 3061 non
1673 3020 1804 3062 eam
1853 2998 2040 3063 fuisse
2087 3006 2230 3062 cum·
2271 2998 2394 3063 illis
2442 2998 2611 3063 fami·

587 3116 948 3193 liaritatem‚
997 3114 1241 3200 qualem²
1286 3114 1554 3179 simu'lat.
1629 3116 1788 3181 Sunt
1835 3116 1999 3181 enim
2045 3116 2227 3195 teriia,
2261 3117 2324 3181 in
2349 3116 2605 3201 quibus,

586 3244 659 3300 ut
720 3234 1036 3321 peregrino
1096 3228 1229 3297 falli
1281 3234 1550 3319 proclive
1567 3284 1586 3313 ‚
1635 3235 1723 3299 ita
1767 3234 2050 3300 familiari
2095 3236 2220 3301 labi
2261 3240 2388 3301 non
2433 3236 2610 3301 facile
2675 3236 2682 3243 '

588 3354 745 3431 erat3
797 3349 1139 3439 cujusmodi
1186 3360 1331 3416 sunt
1376 3352 1543 3418 h'aec.

676 3472 755 3536 In
800 3467 1079 3557 Epistola
1118 3469 1247 3535 VII
1266 3520 1286 3549 ,
1336 3494 1394 3555 p.
1445 3468 1574 3534 328
1623 3474 1676 3535 A
1695 3521 1714 3549 ‚
1752 3471 1873 3536 Dio
1899 3472 2223 3553 ⁵Platonem
2254 3473 2504 3538 hortans
2537 3480 2610 3537 ut

590 3589 917 3675 Syracusas
976 3590 1179 3653 veniat
1196 3638 1213 3667 ,
1260 3588 1570 3674 praedicat
1629 3594 1765 3653 tum
1826 3590 2106 3675 Dionysii
2152 3592 2458 3669 ἐπιθυμίαν
2501 3600 2606 3667 τῆς

588 3708 973 3790 φιλοσοφίας,
1036 3702 1171 3771 tuffi
1231 3709 1362 3779 ἴτοὺς
1423 3706 1601 3774 dibre&
1640 3710 1986 3790 ἀδελφιδοῦς
2002 3760 2022 3788 ‚
2061 3712 2135 3783 ὥς
2180 3710 2609 3791 εὐπαράκλητοι

590 3823 699 3891 εἷεν
745 3827 881 3905 πρὸς
927 3821 1023 3891 τᾶν
1085 3822 1184 3891 ὥτ’
1227 3828 1367 3903 ἐμοῦ
1428 3826 1730 3911 (Platone)
1775 3827 2090 3905 λεγόμενον
2133 3830 2226 3894 ἀεὶ
2289 3802 2463 3908 xo'yov
2507 3830 2606 3895 κοιὶ

588 3944 741 4024 βίον,
820 3942 1166 4009 immutato!
1244 3942 1312 4011 '2²⁸
1398 3945 1682 4011 Διονύσιον
1765 3944 2273 4027 ξυμπαραικοιλεῖν.
2390 3949 2608 4013 Dionis

586 4062 919 4143 ἀδελφιδοῖ,
986 4086 1017 4126 e
1086 4084 1289 4127 sorore
1354 4071 1608 4148 nepotes
1623 4112 1644 4143 ‚
1716 4064 1996 4149 Dionysii
2046 4066 2308 4151 junioris
2355 4069 2604 4145 fratreS,

586 4179 709 4242 duo
771 4179 846 4244 ab
907 4180 1211 4245 historicis
1272 4182 1700 4261 nominantur,
1763 4182 2144 4279 Hipparinus
2211 4192 2271 4249 et
2326 4184 2607 4270 Nysaeus

585 4294 855 4386 (Nepos,
924 4270 1106 4365 Dion.
1148 4290 1199 4363 c.
1253 4300 1333 4386 1).
1378 4298 1519 4368 Jam
1573 4324 1645 4366 ex
1690 4300 1823 4393 ipsa
1867 4302 2178 4391 Epistola,
2225 4302 2284 4393 p.
2334 4298 2464 4370 324
2513 4306 2602 4385 A,
