3092 5084
1339 496 1463 574 123

393 744 523 785 eam
570 721 868 784 deductus
915 743 1049 783 sum
1096 720 1458 783 sententiam
1478 768 1495 795 ,
1546 742 1756 781 01111105
1805 719 2080 781 civitates
2130 718 2286 780 male
2331 740 2424 779 or-

395 841 633 925 dinatas
704 862 864 917 esse,
933 838 1127 915 λέγειν
1196 840 1253 901 τ’
1304 839 1708 919 ἠναγκάσθην,
1775 840 2016 901 ἐπαινῶν
2085 838 2189 911 την
2267 837 2422 917 ὀρθὴν

396 957 784 1041 Φιλοσοφίαν,
845 961 915 1029 ὥς
964 959 1028 1021 ἐκ
1072 957 1293 1031 ταύτης
1339 957 1461 1021 ἐστὶ
1509 955 1590 1020 τοὶ
1636 982 1703 1019 τε
1749 958 2023 1020 πολιτικοὶ
2071 956 2268 1020 δίκαια
2315 954 2420 1019 καὶ

398 1077 480 1141 τοὶ
540 1084 649 1141 τῶν
718 1078 943 1143 ἰδιωτῶν
990 1076 1192 1141 πάντα
1237 1076 1517 1157 κατιδεῖν,
1566 1081 1757 1139 κακῶν
1796 1076 1844 1138 δ’
1866 1077 1928 1140 οὐ
1966 1073 2160 1150 λήξειν
2196 1076 2278 1139 τα
2318 1077 2420 1139 0221-

400 1196 643 1277 θρώπινα
702 1196 877 1273 γένη,
941 1196 1067 1275 πρὶν
1128 1193 1200 1259 ὢν
1247 1194 1403 1269 ἦντὸ
1448 1200 1578 1258 τῶν
1622 1194 2212 1277 Φιλοσοφούντων
2259 1194 2419 1275 ὀρθῶς

401 1339 477 1392 γε
516 1317 604 1400 (τε
622 1314 672 1400 Ρ)
718 1315 817 1379 καὶ
862 1315 1087 1389 οὶληθῶς
1126 1314 1288 1389 γένος
1331 1316 1428 1386 εἷς
1468 1314 1708 1393 οὶρχας
1749 1312 1909 1394 ἔλθη
1953 1314 2065 1384 τοὶς
2111 1313 2420 1383 πολιτικας

402 1434 435 1509 ἢ
469 1434 543 1496 τὸ
580 1438 707 1497 τῶν
747 1433 1316 1510 δυναστευόντων
1354 1434 1411 1501 ἐν
1454 1438 1603 1503 ταῖς.
1637 1430 1872 1496 πόλεσιν
1917 1432 1982 1495 ἔκ
2025 1456 2171 1502 τινος
2211 1438 2416 1512 μοῖρας

400 1552 553 1623 θείας
599 1549 768 1623 ὅντως
817 1552 1292 1633 φιλοσοφήση.
1351 1574 1415 1641 Ρ..
1452 1553 1580 1613 326
1622 1551 1698 1614 A.
1747 1549 1916 1613 Haec
1949 1551 2236 1634 cogitatio
2275 1573 2416 1613 eum

399 1670 646 1755 impulit
690 1677 761 1733 ut
805 1669 1015 1734 relicta
1060 1671 1258 1755 patria
1300 1672 1365 1735 in
1411 1669 1656 1733 Italiam
1703 1671 2010 1755 migraret.
2171 1663 2175 1673 ’

490 1789 841 1853 Secundum
888 1789 1002 1853 hoc
1047 1790 1238 1874 igitur
1283 1790 1700 1853 testimonium
1747 1789 1923 1852 Plato
1972 1799 2110 1874 post
2157 1796 2415 1852 mortem

402 1908 668 1971 Socratis
700 1931 858 1985 non,
896 1916 965 1972 ut
995 1907 1179 1993 vulgo
1211 1908 1536 1984 tradit-um,
1587 1907 1796 1971 stat-im
1828 1930 2075 1991 peregre
2110 1908 2417 1991 profectus

408 2034 532 2103 est,
580 2025 689 2090 sed
732 2027 1022 2090 remansit
1067 2026 1325 2091 Athenis
1371 2026 1437 2094 111
1482 2026 1714 2111 patria,
1764 2034 1896 2088 tota
1940 2034 2144 2089 mente
2188 2026 2254 2088 in
2301 2026 2418 2089 hoc

408 2144 676 2221 defixuS,
742 2144 1048 2227 quomodo
1110 2145 1308 2208 sanari
1371 2144 1634 2207 civitatis
1695 2144 1946 2208 morbus
1993 2149 2198 2228 posset
2213 2171 2230 2221 3
2296 2166 2417 2227 quo

406 2262 610 2347 magis
667 2270 872 2326 autem
942 2270 1137 2327 aetate
1203 2271 1668 2340 maturesceret,
1735 2285 1806 2326 eo
1865 2262 2093 2326 firmius
2155 2262 2270 2326 hoc
2333 2270 2420 2326 te-

404 2383 575 2461 nuit,
625 2382 823 2445 solum
870 2382 1205 2447 remedium
1253 2406 1379 2447 0550
1424 2383 1488 2445 111
1541 2392 1616 2464 τῇ
1664 2383 1786 2465 ὀρθῇ
1832 2382 2188 2465 φιλοσοφίαι
2236 2384 2416 2445 finem

404 2502 700 2565 malorum
734 2490 979 2565 nullum
1008 2503 1169 2581 fore,
1213 2502 1332 2566 nisi
1363 2504 1549 2566 iidem
1583 2510 1784 2567 essent
1813 2502 2180 2587 imperantes
2210 2501 2422 2565 iidem—

404 2642 522 2702 que
583 2619 953 2704 philosophi.
1046 2620 1230 2700 Quod
1293 2644 1483 2705 quum
1528 2623 1593 2685 in
1640 2622 1837 2705 patria
1900 2621 2054 2684 effici
2098 2644 2274 2705 posse
2321 2620 2420 2683 de-

404 2748 704 2823 speraret,
770 2740 1025 2803 excessit
1087 2740 1344 2804 Athenis
1406 2748 1467 2804 et
1526 2741 1592 2804 in
1645 2740 1890 2804 Italiam
1938 2742 2244 2825 profectus
2291 2746 2382 2803 est
2396 2790 2414 2818 ,

402 2866 627 2941 putans
674 2858 995 2937 nimirum,
1058 2859 1143 2924 ibi
1204 2862 1455 2923 fortasse
1499 2860 1720 2924 melius
1766 2868 2061 2923 moratam
2108 2860 2414 2923 civitatem

397 2999 463 3040 50
507 2977 934 3055 inventurum,
998 3000 1153 3061 quae
1214 3001 1246 3041 e
1292 2978 1715 3063 philosophiae
1760 2979 2094 3063 praeceptis
2143 2978 2408 3042 ordinari

402 3102 623 3180 posset.
674 3096 845 3159 Idem
876 3096 1198 3160 consilium
1238 3097 1603 3181 philosopho
1641 3098 1707 3161 in
1746 3098 1887 3161 aula
1924 3097 2208 3181 Dionysii
2241 3098 2415 3181 profi-

400 3215 650 3277 ciscenti
682 3214 1058 3278 obversatum
1092 3238 1220 3279 esse
1237 3266 1254 3297 ,
1288 3215 1568 3299 Epistola
1598 3238 1722 3278 11011
1756 3239 1881 3279 11110
1913 3214 2046 3279 1000
2080 3216 2414 3299 siguificat,

402 3357 461 3418 p.
514 3336 640 3395 328
689 3335 785 3396 A:
834 3333 980 3397 ὥστε
1024 3334 1181 3415 εἴπερ
1226 3336 1369 3400 ποτὲ
1414 3335 1513 3398 καὶ
1562 3340 1656 3399 νῦν
1704 3334 1868 3405 ἔλπις
1917 3338 2090 3398 πᾶσα
2135 3336 2415 3400 οξποτελε-

398 3453 669 3526 σθήσεται
716 3459 816 3517 τοῦ
860 3454 1022 3527 τοὺς
1071 3454 1325 3525 αὐτοὺς
1374 3452 1818 3535 φιλοσόφους
1863 3477 1942 3517 τε
1985 3453 2100 3517 καὶ
2143 3452 2412 3517 πόλεων

399 3570 763 3649 ἄρχοντας
808 3570 1091 3647 μεγάλων
1134 3570 1433 3647 ξυμβῆναι
1486 3571 1856 3648 γενομένους.
1891 3560 1983 3634 ‘et
2029 3595 2088 3655 p.
2139 3572 2266 3634 335
2318 3572 2409 3635 D:

400 3688 777 3773 „Dionysius
838 3712 1119 3773 magnam
1164 3688 1457 3752 ditionem
1504 3689 1886 3774 possidebat,
1945 3693 2004 3753 ἐν
2052 3688 2088 3771 ᾗ
2133 3690 2411 3767 γενομένη

398 3809 800 3887 φιλοσοφία
844 3833 921 3872 τε
966 3805 1086 3871 καὶ
1133 3808 1425 3885 δύναμις
1480 3806 1650 3878 ὄντως
1697 3810 1763 3871 ἐν
1809 3810 2084 3889 ταύτῷ,
2133 3808 2224 3871 δια
2273 3808 2415 3873 παν-

396 4011 571 4071 νόμιμα
619 4012 697 4065 ἔθη
746 4024 842 4055 non
881 4006 978 4055 sint
1010 4011 1263 4077 γράμμασι
1296 4009 1495 4071 signata.
1567 4008 1829 4075 Scripsitne
1862 4014 2006 4072 νόμων
2036 4014 2305 4076 γράμματα
2340 4012 2416 4059 καὶ

395 4104 509 4163 ἤθη,
558 4102 590 4149 i.
624 4118 667 4149 e.
712 4104 863 4167 lequm
907 4102 1077 4150 literae
1109 4110 1155 4151 et
1188 4102 1414 4161 indoles?
1472 4104 1536 4151 At
1571 4103 1685 4151 haec
1720 4119 1906 4166 quoque
1941 4104 2154 4165 quaesita
2189 4108 2260 4151 est
2296 4104 2419 4151 anti—

399 4194 545 4243 thesis
592 4212 681 4260 pro
724 4212 871 4245 mores
908 4201 955 4245 et
996 4200 1133 4260 leyes.
1170 4196 1375 4246 -Similis
1423 4198 1708 4261 periphrasis
1763 4203 1833 4246 est
1883 4198 1932 4245 in
1982 4198 2144 4261 spurio
2201 4198 2414 4247 Platonis

399 4289 520 4338 libro
555 4291 775 4356 Epinom.
817 4308 863 4355 p.
896 4290 993 4343 976
1034 4292 1097 4340 B:
1136 4293 1299 4351 δόξης
1332 4298 1497 4352 ἤθεσι
1528 4300 1828 4362 προσέχοντες
1862 4296 1936 4344 τὸν
1966 4298 2060 4344 νοῦν
2090 4309 2178 4357 pro
2214 4296 2377 4359 δόξαις.
