3092 5084
1412 477 1535 548 1'65

476 700 598 756 tus.
690 692 987 773 Quaestio
1036 691 1327 770 obscura,
1376 691 1452 756 de
1498 715 1622 776 qua
1667 693 1718 756 si
1749 699 1982 757 certum
2013 692 2344 778 comperire
2378 692 2487 755 dif-

482 813 639 877 ficile
654 862 673 891 ,
729 820 933 878 tamen
986 813 1135 897 quid
1182 813 1493 897 probabile
1538 813 1654 892 sit,
1719 813 2074 878 examinatis
2120 812 2484 896 scriptorum

476 933 840 997 testimoniis
858 981 875 1010 ,
932 955 1310 1017 quaeramus,

564 1169 707 1233 Duo
768 1175 915 1232 sunt
973 1174 1157 1232 testes
1220 1167 1329 1252 qui
1372 1166 1447 1230 de
1491 1167 1588 1232 his
1633 1166 2226 1252 peregrinationibus
2270 1169 2482 1232 ceteris

476 1287 713 1372 plenius
780 1286 1155 1374 retulerunt:
1228 1287 1379 1351 alter
1440 1292 1531 1349 est
1593 1285 1890 1372 Apuleius
1907 1335 1926 1364 ,
1977 1287 2128 1351 alter
2180 1287 2483 1373 Diogenes

475 1404 777 1470 Laenius·
1516 1407 1519 1410 ’

563 1523 752 1608 Apud
784 1523 1115 1609 Apuleium
1133 1573 1153 1600 ‚
1187 1522 1261 1587 de
1294 1521 1496 1606 dogm.
1522 1521 1682 1587 Plat.
1707 1522 1768 1600 I,
1803 1545 1855 1588 c.
1883 1525 1920 1587 3
1939 1573 1958 1600 ,
1983 1523 2132 1588 haec
2155 1523 2479 1609 leguntur:

470 1642 920 1727 „Posteaquam
966 1642 1239 1706 Socrates
1284 1641 1558 1705 homines
1605 1641 1855 1726 reliquit
1875 1692 1894 1720 ,
1929 1643 2227 1727 quaesivit
2257 1643 2484 1729 (Plato)

472 1760 637 1825 unde
680 1762 1026 1845 proficeret,
1076 1767 1136 1824 et
1181 1760 1259 1824 ad
1303 1759 1684 1845 Pythagorae
1731 1761 2116 1846 disciplinam
2162 1784 2225 1826 se
2271 1771 2483 1827 contu-

470 1881 547 1944 lit
569 1928 586 1945 .
611 1928 628 1945 .
655 1928 673 1944 .
761 1879 845 1944 Et
889 1879 1056 1964 quod
1100 1879 1618 1966 Pythagoreorum
1663 1881 1979 1964 ingenium
2017 1881 2300 1967 adjutum
2347 1881 2480 1946 aliis

472 1999 806 2084 disciplinis
867 1999 1191 2077 sentiebat,
1254 1998 1332 2062 ad
1387 1998 1776 2064 Theodorum
1822 1999 2085 2084 Cyrenas
2133 2007 2203 2064 ut
2247 2023 2477 2086 geome-

470 2104 648 2182 triam
732 2116 989 2182 disceret
1065 2123 1155 2181 est
1221 2117 1527 2202 profectus
1542 2143 1563 2196 3
1627 2124 1688 2182 et
1748 2119 2137 2203 astrologiam
2206 2119 2479 2204 adusque

472 2237 821 2321 Aegyptum
866 2236 978 2300 ivit
1022 2237 1283 2322 petitum
1299 2287 1318 2314 ,
1368 2244 1440 2301 ut
1469 2237 1611 2301 inde
1642 2237 2078 2323 prophetarum
2108 2239 2261 2303 ritus
2293 2239 2476 2304 etiam

474 2354 829 2420 addisceret.
935 2355 1018 2419 Et
1078 2356 1155 2420 ad
1214 2355 1459 2420 Italiam
1519 2357 1738 2420 iterum
1801 2357 2000 2434 venit,
2063 2357 2476 2442 Pythagoreos

470 2473 815 2539 Euritatum
867 2473 1214 2560 (Eurytum)
1252 2475 1650 2540 Tarentinum
1699 2483 1758 2539 et
1802 2477 2097 2541 seniorem
2144 2476 2477 2562 Archytam

466 2600 752 2657 sectatus·
823 2594 1029 2678 Atque
1073 2593 1216 2658 inde
1262 2593 1340 2656 ad
1385 2593 1574 2658 Indos
1613 2600 1674 2657 et
1704 2593 1919 2679 Magos
1959 2594 2321 2660 intendisset
2352 2596 2476 2660 ani·

468 2733 673 2790 mum,
719 2711 840 2776 nisi
882 2718 1033 2776 tunc
1080 2734 1219 2775 eum
1263 2711 1424 2776 bella
1467 2711 1867 2776 vetuissent.'’
2209 2705 2214 2710 ’

559 2829 845 2910 Quonam
906 2853 978 2894 ex
1040 2831 1207 2894 fonte
1261 2829 1562 2915 Apuleius
1615 2832 1763 2895 haec
1815 2830 2087 2896 hauserit
2139 2853 2248 2896 nos
2270 2868 2275 2877 ·
2301 2833 2470 2898 latet.

466 2949 903 3014 Stallbaumius
934 2951 978 3034 ¹)
1024 2971 1059 3012 e
1102 2947 1432 3035 Speusippi·
1471 2947 1629 3012 libro
1675 2949 1924 3012 fluxisse
1964 2933 2308 3034 suspicatus
2351 2958 2468 3030 est,

463 3067 529 3131 in
588 3090 711 3152 quo
770 3067 862 3130 vir
924 3067 1141 3132 doctus
1187 3068 1317 3132 falli
1364 3067 1621 3132 videtur.
1713 3068 2015 3153 Apuleius
2063 3068 2472 3155 Speusippum

466 3194 771 3250 auctorem
831 3186 1103 3250 nominat
1164 3187 1229 3250 111
1273 3186 1347 3249 iis
1395 3207 1552 3270 quae
1597 3185 1782 3250 habet
1826 3185 1900 3250 de
1945 3186 2219 3250 Platonis
2264 3187 2471 3252 indole

464 3313 525 3370 et
568 3305 850 3390 ingeniO,
900 3327 1026 3390 cap.
1063 3308 1131 3383 23
1182 3304 1402 3370 deinde
1447 3327 1588 3369 vero
1624 3312 1946 3391 postquam
1977 3306 2212 3391 poetica
2243 3313 2302 3370 et
2340 3307 2472 3391 phi-

459 3423 771 3509 losophica
830 3424 959 3488 eius
1022 3424 1228 3489 studia
1272 3425 1482 3509 paucis
1530 3424 1824 3503 absolvit,
1874 3439 2004 3510 cap.
2056 3427 2094 3488 3
2145 3431 2205 3488 et
2249 3428 2292 3488 4
2339 3448 2470 3511 per-

462 3543 552 3628 git
610 3543 675 3606 in
724 3542 1071 3607 enarrandis
1117 3542 1473 3621 itineribus3
1521 3544 1587 3608 in
1632 3543 1728 3608 his
1777 3551 1981 3608 autem
2025 3551 2241 3608 testem
2288 3545 2465 3609 illum

456 3683 581 3726 non
626 3662 775 3728 citat
792 3711 812 3740 ,
861 3659 1028 3745 quod
1074 3683 1217 3726 sane
1261 3683 1386 3726 non
1440 3663 1778 3740 omisisset,
1827 3685 1949 3747 quo
1997 3663 2137 3748 plus
2184 3635 2496 3749 ponderis-

459 3778 704 3844 haberet
751 3780 944 3865 ipsius
1005 3781 1420 3846 testimonium
1436 3831 1454 3859 ,
1503 3782 1856 3866 praesertim
1906 3804 2097 3866 quum
2144 3782 2220 3846 ad
2267 3781 2468 3847 defen-

455 3899 726 3964 dendum
768 3899 1089 3964 Platonem
1136 3900 1216 3963 sit
1262 3901 1688 3992 compositum.
1780 3865 2132 3988 Ρ1·ιὲι,61;61·611,ι
2183 3925 2337 3986 quae
2385 3901 2461 3966 de

455 4020 787 4107 proposito.
829 4019 995 4083 illius
1057 4018 1273 4083 itinere
1334 4019 1409 4082 ad
1471 4019 1660 4084 Indos
1709 4027 1768 4084 et
1814 4021 2030 4106 Magos
2079 4029 2140 4085 et
2185 4045 2342 4106 quae
2388 4022 2462 4087 de

504 4278 551 4338 1)
596 4279 655 4326 Iu
685 4277 797 4330 diss.
818 4277 876 4326 de
898 4277 1085 4330 Platon.
1104 4277 1229 4336 vita,
1248 4278 1503 4342 praemissa
1519 4278 1635 4332 edit.
1670 4279 1928 4345 Apologiae
1947 4283 1996 4328 et
2014 4279 2226 4329 Critonis
2239 4318 2253 4343 ‚
2275 4297 2320 4344 p.
2348 4281 2448 4335 XX.
