3092 5084
1632 469 1755 530 186

672 673 1088 750 προτεινόμενον
1118 675 1162 758 ¹)
1208 684 1282 755 τῇ
1328 680 1503 757 ψυχῇ
1539 674 1699 756 λόγῳ
1733 700 1800 740 τε
1837 675 1936 740 καὶ
1972 680 2109 742 κατ’
2152 679 2300 758 ἔργα
2323 679 2645 754 αἰσθήσεσιν
2661 733 2680 756 ,

668 791 1009 866 εὐέλεγκτον
1053 791 1122 856 τό
1166 817 1232 856 τε
1270 793 1584 870 λεγόμενον
1627 795 1725 858 καὶ
1765 794 2115 872 δεικνύμενον
2152 795 2243 859 άεὶ
2285 797 2681 878 παρεχόμενον

665 905 936 991 ἕκαστον,
998 911 1243 992 άπορίας
1288 936 1357 976 τε
1400 912 1501 976 καὶ
1548 913 1851 994 άσαφείας
1897 913 2277 991 ἐμπίμπλησι
2324 915 2518 992 πάσης
2542 968 2560 992 ,
2606 919 2677 989 ὡς

668 1028 803 1102 ἔπος
863 1032 1043 1094 εἰπεῖν
1060 1081 1077 1105 ,
1140 1030 1316 1096 πάντ’
1375 1031 1592 1111 ἄνδρα,
1651 1035 1708 1097 ἐν
1767 1027 1872 1097 οἷσι
1917 1033 2023 1110 μὲν
2069 1030 2161 1098 οὖν
2205 1035 2341 1110 μηδ’
2384 1034 2680 1113 εἰθισμένοι

667 1148 913 1224 τάληθὲς
970 1148 1158 1228 ζητεῖν
1219 1150 1392 1226 ἐσμὲν
1446 1149 1556 1214 ὑπὸ
1613 1154 1856 1231 πονηροῖς
1925 1159 2174 1230 τροφῆς,
2241 1151 2472 1231 ἐξαρκεῖ
2510 1152 2568 1216 δὲ
2612 1153 2680 1216 τὸ

670 1268 942 1347 προταθὲν
987 1273 1097 1331 τῶν
1142 1267 1379 1332 εἰδώλων
1397 1319 1413 1341 ,
1456 1268 1964 1350 εὐκαταγέλαστοι
1991 1271 2039 1353 2)
2077 1269 2400 1348 γιγνόμεθα
2443 1272 2540 1334 ὑπ’
2566 1272 2673 1335 άλ-

567 1389 626 1453 D
672 1387 863 1460 λήλων
879 1435 897 1468 ,
947 1387 993 1451 οἱ
1038 1386 1376 1466 ἐρωτώμενοι
1424 1387 1532 1451 ὑπὸ
1578 1395 1689 1452 τῶν
1735 1389 2056 1469 ἐρωτώντων
2071 1441 2090 1464 ,
2139 1389 2457 1466 δυναμένων
2501 1390 2560 1454 δὲ
2595 1389 2676 1454 τὰ

668 1504 925 1583 τέτταρα
988 1504 1324 1585 διαρῤίπτειν
1383 1530 1451 1569 τε
1510 1507 1609 1571 καὶ
1658 1507 1933 1587 ἐλέγχειν
1959 1526 1974 1541 ·
2023 1508 2082 1572 ἐν
2125 1501 2202 1578 οἷς
2238 1507 2288 1570 δ’
2310 1505 2383 1572 ἂν
2419 1507 2487 1571 τὸ
2524 1508 2676 1584 πέμ-

670 1647 812 1688 πτον
845 1624 1254 1702 άποκρίνασθαι
1292 1625 1392 1688 καὶ
1430 1625 1631 1699 δηλοῦν
1661 1624 2087 1705 άναγκάζωμεν
2101 1675 2120 1707 ,
2145 1624 2532 1703 ὅβουλόμενος
2565 1631 2675 1689 τῶν

666 1742 986 1818 δυναμένων
1042 1743 1380 1826 α’νατρέπειν
1437 1752 1665 1827 κρατεῖ,
1721 1744 1820 1808 καὶ
1867 1754 2018 1810 ποιεῖ
2054 1745 2151 1809 τὸν
2189 1743 2568 1823 ἐξηγούμενον
2613 1745 2674 1808 ἐν

668 1861 861 1938 λόγοις
915 1861 948 1936 ἢ
994 1859 1344 1939 γράμμασιν
1389 1861 1421 1937 ἢ
1467 1863 1798 1941 άποκρίσεσι
1841 1868 1960 1932 τοῖς
2009 1869 2247 1934 πολλοῖς
2293 1867 2404 1926 τῶν
2447 1861 2675 1928 άκουόν-

667 2004 779 2044 των
838 1979 1013 2044 δοκεῖν
1056 1979 1230 2057 μηδὲν
1276 1981 1614 2058 γιγνώσκειν
1660 1977 1732 2044 ὧν
1777 1979 1849 2045 ἂν
1895 1982 2158 2062 ἐπιχειρῇ
2195 1980 2449 2063 γράφειν
2495 1981 2529 2056 ἢ
2574 1979 2672 2045 λε’-

667 2122 827 2180 γειν,
888 2097 1239 2176 ἀγνοούντων
1296 2099 1472 2164 ἐνίοτε
1524 2101 1597 2172 ὡς
1641 2101 1757 2180 οὐχ
1803 2103 1836 2174 ἡ
1881 2101 2056 2180 ψυχὴ
2104 2105 2205 2164 τοῦ
2249 2097 2591 2180 γράψαντος
2638 2099 2672 2174 ἢ

574 2218 627 2282 Ε
672 2217 948 2295 λέξαντος
1018 2217 1376 2299 ἐλέγχεται,
1433 2219 1574 2281 άλλ’
1643 2221 1677 2294 ἦ
1722 2223 1832 2282 τῶν
1878 2217 2168 2298 τεττάρων
2205 2219 2383 2300 φύσις
2429 2216 2674 2282 ἑκάστου

668 2317 969 2416 πεφυκυῖα
1014 2335 1261 2417 φαύλως
1282 2386 1296 2401 .
1323 2337 1374 2418 3)
1422 2339 1455 2412 ἡ
1502 2336 1560 2400 δὲ
1605 2336 1699 2400 δια
1745 2336 1977 2400 πάντων
2016 2339 2205 2401 αὐτῶν
2230 2336 2531 2414 διαγωγή,
2557 2334 2674 2401 ἄνω

665 2453 762 2520 καὶ
810 2453 969 2520 κάτω
1015 2453 1462 2530 μεταβαίνουσα
1508 2455 1606 2536 ἐφ’
1655 2452 1898 2519 ἕκαστον
1915 2504 1934 2538 ,
1981 2455 2157 2532 μόγις
2199 2456 2525 2534 ἐπιστήμην
2561 2455 2673 2520 ἐνέι

666 2600 831 2640 τεκεν
888 2570 951 2640 εὖ
1008 2575 1336 2656 πεφυκότος
1390 2571 1453 2640 εὖ
1511 2574 1839 2656 πεφυκότι·
1887 2580 2077 2646 κακῶς
2123 2573 2172 2637 δ’
2195 2573 2265 2640 ἂν
2311 2580 2435 2656 φυῇ
2455 2625 2472 2648 ,
2518 2577 2592 2647 ὦς
2639 2578 2673 2650 ἦ

667 2699 779 2760 τῶν
839 2699 1067 2759 πολλῶν
1124 2690 1239 2770 ἕξις
1292 2702 1397 2768 τῆς
1456 2699 1664 2774 ψυχῆς
1724 2693 1802 2764 εἴς
1855 2719 1922 2758 τε
1980 2692 2046 2758 τὸ
2105 2695 2310 2764 μαθεῖν
2355 2693 2435 2764 εἰς
2481 2718 2548 2758 τε
2591 2694 2675 2758 τα

362 2842 421 2903 p.
471 2820 620 2882 344.
664 2813 962 2891 λεγόμενα
1018 2812 1117 2888 ἤθη
1179 2812 1442 2894 πέφυκε,
1498 2812 1582 2876 τα
1635 2811 1694 2876 δὲ
1747 2810 2114 2894 διέφθαρται,
2162 2812 2273 2876 οὐδ’
2317 2810 2392 2876 ἂν
2437 2813 2465 2877 ὃ
2502 2822 2672 2888 Λυγ-

670 3087 770 3120 esse
802 3071 872 3120 nil
904 3070 996 3120 nisi
1031 3071 1161 3120 varia
1193 3069 1336 3120 lectio
1371 3086 1414 3118 v.
1447 3074 1643 3134 βέβαιον
1675 3067 1818 3130 (sient
1851 3084 1900 3132 p.
1935 3069 2030 3118 342
2063 3068 2105 3116 B
2139 3083 2226 3132 pro
2255 3069 2422 3128 ἀληθᾶς
2455 3067 2672 3118 nonnulli

672 3167 783 3216 libri
816 3168 1029 3226 ἀληθῶς),
1066 3182 1185 3230 quae
1220 3165 1387 3240 gleinde
1420 3164 1471 3212 in
1506 3167 1691 3212 textum
1724 3163 1854 3212 illata
1889 3163 1970 3213 sit.

741 3264 787 3323 1)
820 3265 1002 3326 Junge:
1038 3268 1092 3314 τὸ
1123 3272 1212 3313 τῶν
1245 3268 1481 3330 τεττάρων
1512 3264 1724 3324 ἕκαστον,
1763 3267 2100 3330 προτεινόμσνυν
2127 3269 2187 3318 τῆ
2220 3268 2369 3332 ψυχῇ,
2406 3266 2473 3325 μὴ
2509 3262 2676 3324 ζητοῦ-

671 3379 801 3424 μενσν
843 3363 959 3426 λόγῳ
1001 3379 1055 3409 τε
1119 3361 1194 3409 καὶ
1248 3361 1495 3415 αἰσθήσεσι.
1549 3356 1772 3405 ceterum
1819 3371 1905 3419 pro
1939 3362 2276 3424 προτεινόμενον
2306 3354 2416 3404 libri
2451 3354 2534 3404 alii
2568 3374 2676 3424 προ-

670 3462 809 3507 τεῖνον
847 3455 927 3503 alii
962 3461 1205 3524 πρότερονς
1240 3452 1474 3517 posterius
1509 3451 1696 3500 videtur
1728 3467 1828 3500 esse
1862 3468 1889 3500 a
1922 3451 2204 3500 correctoris
2237 3466 2397 3500 manu.
2442 3459 2676 3520 προτεῖνον

670 3551 736 3599 sic
781 3555 977 3600 vertunt
1012 3551 1103 3612 (ed.
1145 3549 1353 3610 Didot.)=
1401 3549 1548 3608 „dum
1593 3548 1753 3596 animo
1791 3562 1888 3596 non
1923 3546 1970 3595 id
2002 3546 2130 3610 quod
2163 3546 2432 3596 sciscitatur
2466 3547 2676 3596 ostendit

674 3650 778 3695 tum
828 3645 985 3694 verbis
1032 3648 1137 3694 tum
1183 3644 1372 3694 rebus?
1440 3645 1574 3709 Quae
1617 3643 1769 3698 versio
1813 3658 1899 3691 nec
1944 3641 2101 3691 verbis
2147 3658 2232 3691 nec
2281 3642 2440 3691 sensui
2485 3658 2677 3706 respon-

673 3741 767 3789 det.
834 3739 1030 3789 Correxi
1078 3747 1425 3808 προτεινόμενον.
1483 3738 1716 3788 Similiter
1751 3755 1858 3787 mox
1899 3742 2148 3808 προταθέν,
2185 3753 2272 3801 pro
2301 3752 2394 3801 quo
2419 3737 2530 3786 libri
2554 3753 2672 3786 non-

672 3834 792 3884 nulli
841 3835 962 3883 mule
1009 3838 1239 3902 προτεθέν.
1306 3833 1482 3882 Nostro
1525 3833 1632 3883 loeo
1673 3833 1942 3882 simillimus
1986 3837 2059 3882 est
2101 3833 2180 3897 qui
2229 3832 2402 3896 legitur
2446 3831 2504 3880 de
2551 3832 2671 3895 Rep.

674 3931 795 3988 VII,
842 3947 888 3994 p.
936 3931 1027 3980 525
1074 3931 1142 3979 D=
1196 3935 1271 3981 ἐάν
1317 3951 1387 3987 τις
1420 3933 1535 4000 αὐτῇ
1567 3933 1643 4002 (τῇ
1680 3933 1817 4001 ψυχῇ)
1852 3933 2003 3999 ὁρατὰ
2031 3933 2060 3987 ἢ
2087 3934 2219 3981 ἁπτὰ
2258 3937 2456 3993 σώματα
2492 3932 2676 3995 ἔχοντας

668 4028 885 4098 ἀριθμοὺς
915 4033 1251 4095 προτεινόμενος
1282 4027 1562 4090 διαλέγηται.
1627 4026 1705 4076 Of.
1739 4027 1797 4076 de
1831 4027 1975 4090 Legg.
2009 4025 2065 4083 X,
2100 4040 2148 4088 p.
2184 4025 2277 4072 895
2313 4025 2374 4073 D.
