3092 5084
1599 485 1726 544 204

645 691 704 752 ἐν
748 697 823 770 τῇ
868 696 1043 771 ψυχῇ
1089 690 1389 768 γενόμενον
1428 691 1572 755 αὐτὸ
1607 690 1790 755 §xvv-5
1831 690 1932 766 ἤδη
1979 690 2206 772 τρέφει.
2285 689 2467 770 Quod
2515 691 2666 755 dicit

646 806 1139 892 „philosophiam
1181 830 1307 872 non
1352 809 1510 872 sicut
1540 815 1768 872 ceteras
1802 806 2154 892 disciplinas
2198 808 2664 892 impertiendam

650 944 777 988 esse
838 925 1192 991 hominibus
1210 976 1229 1004 ,
1296 926 1401 990 sed
1448 949 1481 990 e
1532 924 1862 1016 multiplici
1917 925 2330 1010 disputatione
2377 933 2437 990 et
2483 925 2667 1010 longa

650 1044 1092 1110 consuetudine
1175 1045 1500 1131 derepente
1573 1046 1748 1129 quasi
1819 1067 1851 1108 e
1918 1045 2178 1109 micante
2256 1045 2385 1128 igni
2455 1044 2665 1110 lumen

652 1184 969 1227 accensum
1030 1163 1097 1228 in
1160 1165 1363 1228 animo
1432 1163 1576 1228 oriri
1645 1186 1714 1228 ac
1775 1163 1994 1228 deinde
2057 1186 2120 1227 se
2180 1164 2380 1248 ipsum
2435 1161 2664 1239 alere,''

649 1283 955 1368 praeclara
1023 1283 1170 1347 haec
1216 1291 1309 1346 est
1369 1283 1670 1348 sententia
1727 1305 1975 1368 prorsus
2037 1305 2068 1346 e
2131 1282 2404 1346 Platonis
2460 1289 2664 1347 mente

650 1413 958 1486 expressa3
997 1401 1043 1484 1)
1104 1409 1167 1466 at
1220 1409 1423 1466 tamen
1483 1424 1608 1465 non
1670 1401 1887 1486 probat
1943 1400 2007 1464 id
2065 1400 2230 1484 quod
2275 1400 2474 1466 voluit
2502 1401 2664 1464 scri·

650 1527 789 1604 ptor
804 1568 823 1597 ,
885 1519 1025 1583 ideo
1086 1520 1242 1584 nihil
1305 1520 1486 1584 scribi
1540 1527 1836 1605 oportere.
1929 1519 2210 1602 Denique
2270 1519 2337 1582 in
2387 1518 2665 1604 Epistola

650 1637 783 1700 XII
843 1637 920 1701 ad
982 1638 1313 1723 Archytam
1372 1637 1550 1702 Plato
1608 1638 1750 1701 huic
1805 1638 2027 1722 gratias
2073 1637 2199 1722 agit
2243 1659 2353 1722 pro
2400 1637 2662 1722 acceptis

650 1757 1096 1821 commentariis
1161 1765 1222 1821 et
1282 1757 1545 1822 vicissim
1606 1779 1748 1820 suos
1805 1757 1860 1820 ei
1904 1756 2180 1821 remittit.
2269 1755 2470 1819 Vocat
2511 1755 2662 1820 haec

650 1873 1049 1952 ὑπομνήματα
1066 1925 1081 1945 ,
1130 1876 1170 1938 i.
1206 1897 1256 1938 e.
1304 1875 1627 1939 memoriae
1674 1897 1855 1938 causa
1899 1883 2140 1952 notata,
2189 1896 2314 1938 non
2359 1873 2664 1940 destinata

650 1998 722 2056 ut
766 1991 1149 2076 evulgentur.
1692 2077 1706 2090 .

738 2110 957 2194 Itaque
996 2133 1069 2174 ex
1104 2111 1519 2196 Epistolarum
1553 2111 1746 2177 verbis
1792 2111 2183 2175 manifestum
2229 2119 2322 2174 est
2351 2111 2476 2175 duo
2510 2111 2659 2174 haec

650 2230 871 2293 statui:
922 2231 1215 2315 primum,
1266 2230 1586 2294 Platon-em
1630 2230 2078 2315 philosophiam
2120 2253 2291 2294 suam
2323 2253 2447 2294 non
2479 2230 2662 2314 scrip-

647 2349 725 2412 tis
788 2349 1177 2434 explicuisse,
1242 2350 1349 2414 sed
1404 2351 1678 2436 dialogos
1736 2372 1888 2434 quos
1915 2350 2178 2434 -scripsit
2223 2372 2350 2414 esse
2397 2372 2579 2434 opera
2627 2372 2660 2412 e

646 2466 951 2533 Socratico
996 2491 1163 2532 more
1208 2491 1487 2554 expressa
1532 2476 1594 2532 et
1639 2468 1825 2532 animi
1871 2489 2053 2538 causa
2085 2467 2426 2553 ‘composita
2440 2494 2459 2544 ;
2513 2467 2661 2531 alte-

650 2609 815 2664 rum,
867 2607 1003 2652 eum
1051 2586 1499 2673 philosophiam
1545 2594 1620 2650 ut
1666 2587 1980 2651 scientiam
2026 2586 2294 2650 abditam
2339 2607 2464 2650 non
2496 2586 2660 2650 evul-

648 2727 848 2789 gasse,
897 2705 1004 2769 sed
1047 2706 1210 2770 intra
1254 2706 1495 2776 scholae
1540 2706 1840 2770 cancellos
1887 2715 1948 2770 et
1993 2705 2382 2772 familiarium
2415 2713 2659 2770 coetum

648 2824 1035 2888 continuisse.
1100 2824 1193 2889 De
1239 2831 1501 2908 utroque
1531 2825 1684 2909 quid
1721 2824 2124 2912 judicandum
2155 2825 2238 2888 sit
2267 2831 2328 2889 et
2359 2832 2658 2908 quatenus

649 2965 791 3008 cum
834 2941 1107 3008 Platonis
1152 2924 1355 3009 mente
1402 2945 1722 3008 conveniat
1737 2993 1755 3022 ,
1806 2943 2242 3028 quaerendum.

738 3061 1039 3141 Primum,
1104 3063 1271 3146 quod
1328 3062 1647 3127 Platonem
1703 3063 2172 3148 praecipientem
2218 3061 2363 3126 facit
2408 3062 2484 3126 de
2528 3063 2660 3146 phi-

647 3179 927 3266 losophia
958 3203 1080 3245 non
1111 3180 1303 3245 literis
1326 3179 1671 3244 mandanda
1685 3231 1704 3258 ‚
1724 3181 1787 3244 id
1814 3181 2135 3245 manifesto
2160 3179 2543 3264 depromtum
2567 3188 2658 3244 est

650 3321 683 3362 e
728 3297 1041 3376 Phaedro,
1090 3299 1154 3362 in
1202 3300 1376 3364 cuius
1423 3307 1693 3364 extrema
1741 3310 1909 3385 parte
1941 3298 2215 3363 Socrates
2247 3299 2323 3362 de
2355 3298 2656 3364 scribendi

646 3439 762 3480 usu
815 3417 1113 3481 disserens
1160 3414 1339 3482 docet
1381 3415 1592 3495 λόγους
1638 3418 1896 3502 scriptos
1944 3417 2022 3480 ad
2067 3417 2425 3482 discendum
2469 3387 2652 3482 inuti-

645 3537 733 3600 les
780 3530 943 3614 esse',
992 3537 1219 3622 quippe
1266 3538 1374 3621 qui
1418 3561 1483 3602 66
1528 3539 1692 3622 ipsos
1738 3537 2122 3622 interpretari
2152 3543 2487 3620 nequeant;
2536 3537 2653 3600 uti-

645 3654 799 3718 liora
858 3677 987 3719 esse
1034 3677 1189 3739 quae
1233 3657 1556 3720 memoriae
1602 3654 1979 3741 adjuvandae
2024 3655 2220 3740 gratia
2264 3654 2646 3732 scribuntur,
2683 3715 2687 3718 ,

647 3775 1046 3851 ὑπομνήματα
1062 3825 1078 3850 ,
1143 3775 1367 3858 quibus
1427 3776 1491 3838 in
1555 3782 1868 3840 senectute
1915 3775 2051 3859 quis
2098 3781 2308 3840 utatur
2323 3799 2342 3852 3
2391 3775 2650 3859 optimos

648 3898 880 3955 autem-
910 3892 1118 3968 λόγους
1166 3913 1295 3956 6666
1340 3894 1444 3977 qui
1490 3915 1616 3958 non
1662 3894 1728 3961 in
1773 3893 1982 3982 charta
2026 3892 2130 3956 sed
2175 3893 2240 3956 in
2286 3892 2649 3957 discentium

645 4009 860 4074 animis
922 4010 1301 4075 scribantur:
1370 4012 1568 4090 „tales
1613 4013 1773 4077 fetus
1819 4012 1927 4096 qui
1973 4011 2131 4096 parit
2145 4061 2162 4088 ‚
2221 4012 2321 4076 hic
2368 4011 2611 4076 demum
2625 4061 2644 4090 ‚

720 4257 761 4318 l)
798 4255 871 4305 cf.
906 4256 963 4305 de
998 4257 1117 4320 Rep.
1152 4255 1246 4314 IV,
1282 4271 1328 4319 p.
1364 4255 1457 4304 435
1496 4258 1566 4312 A,
1602 4259 1650 4303 et
1683 4254 1742 4304 ad
1777 4255 1824 4302 h.
1847 4255 1880 4302 l.
1917 4257 2018 4302 Ast.
2055 4253 2324 4304 Commeat.
2361 4271 2406 4318 p.
2439 4254 2551 4304 493.
