3092 5084
1630 497 1714 558 38

740 705 856 769 His
917 705 1207 790 expositis
1269 704 1428 768 redit
1475 703 1551 767 ad
1608 702 1971 788 Dionysium
1989 752 2007 781 ,
2081 699 2261 787 quem
2308 702 2530 766 iterum
2578 724 2669 764 os-

648 824 848 889 tendit
892 846 1017 887 non
1064 823 1322 887 ductum
1365 823 1556 886 fuisse
1595 844 1796 886 amore
1827 822 2289 907 philosophiae3
2337 821 2390 884 si
2418 822 2668 898 fuisset,

651 951 772 1014 πῶς
809 942 882 1008 ἂν
929 947 1012 1020 μὴ
1057 943 1397 1020 θαυμαστὸς
1443 941 1515 1006 ὢν
1561 941 1844 1022 ἄνθρωπος
1889 940 1984 1004 τὸν
2022 941 2288 1018 ἡγεμόνα
2325 941 2539 1006 τούτων
2570 939 2668 1004 καὶ

652 1062 830 1140 κύριον
863 1061 981 1144 (his
1015 1060 1210 1124 verbis
1245 1082 1308 1123 se
1338 1059 1543 1144 ipsum
1578 1058 1899 1143 significat)
1930 1055 2103 1129 οὕτως
2138 1061 2387 1139 εὐχερῶς
2418 1054 2674 1135 ’ἦτίμοισέ

655 1182 788 1243 ποτ’
838 1177 911 1243 ἂν
925 1205 944 1256 3
993 1178 1128 1241 Hac
1175 1184 1380 1241 autem
1429 1179 1494 1240 in
1540 1183 1712 1262 parte
1758 1199 1865 1261 spe
1910 1177 2239 1240 frustratus
2281 1175 2543 1240 alterum
2572 1198 2674 1238 ne-

581 1321 586 1343 ¹
655 1297 892 1381 gotium
925 1296 1294 1380 aggreditur.
1345 1295 1573 1359 Narrat
1602 1317 1753 1378 quas
1786 1294 2092 1360 molestias
2123 1294 2471 1380 pertulerit,
2520 1315 2673 1377 quos

653 1416 890 1480 labores
937 1416 1300 1500 impenderit
1344 1423 1416 1479 ut
1460 1415 1723 1480 Dionem
1769 1415 2015 1499 tyranni
2059 1415 2124 1479 in
2170 1415 2429 1499 gratiam
2466 1437 2677 1497 ⁴recon-

655 1530 924 1612 cilia'ret,
973 1556 1158 1617 quam
1204 1533 1430 1618 perfide
1476 1555 1619 1596 vero
1666 1540 1728 1596 et
1771 1534 1998 1618 injuste
2043 1534 2149 1599 ille
2192 1533 2450 1598 Dionem
2498 1535 2675 1598 bonis

657 1653 796 1716 suis
847 1652 1198 1736 spoliaverit
1207 1679 1225 1730 5
1282 1660 1415 1716 tum
1462 1651 1675 1738 multis
1721 1650 1919 1716 verbis
1968 1653 2215 1736 exponit
2262 1652 2635 1716 simultatem
2652 1702 2672 1730 ‚

651 1771 884 1856 jurgia,
954 1771 1092 1834 lites
1160 1769 1304 1834 inde
1372 1770 1489 1834 sibi
1559 1792 1699 1834 cum
1762 1770 2059 1854 Dionysio
2122 1777 2281 1834 ortas
2301 1820 2319 1848 ,
2386 1774 2542 1854 quae
2604 1793 2673 1834 eo

661 1893 980 1952 evaserunt
1027 1893 1101 1950 ut
1146 1892 1453 1973 postremo
1499 1910 1565 1950 re
1610 1887 1836 1950 infecta
1882 1887 2151 1953 Siciliam
2198 1887 2531 1971 reliquerit.

747 2006 825 2069 In
885 2005 1378 2090 Peloponnesum
1432 2005 1673 2069 delatus
1720 2003 2040 2090 Olympiae
2086 2007 2371 2069 convenit
2413 2005 2676 2070 Dionem

657 2125 725 2188 in
794 2123 955 2187 bello
1025 2122 1312 2186 adversus
1381 2131 1708 2208 tyrannum
1780 2123 2049 2208 parando
2118 2130 2519 2208 occupatum,
2577 2123 2679 2187 cui

659 2250 894 2321 tamen,
945 2242 1170 2326 pietate
1217 2241 1447 2305 scilicet
1495 2263 1639 2326 erga
1683 2242 2049 2326 Dionysium
2094 2243 2318 2308 ductus
2334 2291 2353 2321 ,
2402 2243 2549 2327 quia
2578 2243 2679 2306 hic

661 2384 852 2445 quum
902 2360 1173 2425 occidere
1220 2383 1283 2424 se
1330 2361 1633 2446 potuisset
1678 2360 1743 2424 id
1787 2384 1913 2425 non
1958 2363 2197 2426 fecisset
2244 2364 2326 2447 (p.
2376 2364 2501 2426 350
2546 2362 2675 2448 G.),

661 2479 808 2543 belli
854 2479 1088 2543 socium
1134 2502 1198 2542 se
1245 2478 1575 2564 adjungere
1620 2488 1877 2544 recusat.
1948 2479 2124 2545 Bella
2169 2504 2312 2547 sane
2346 2481 2674 2545 excusatio,

661 2597 779 2661 His
845 2596 1023 2661 dictis
1085 2597 1334 2682 subjicit
1394 2597 1596 2661 denuo
1659 2598 1876 2662 Dionis
1936 2598 2351 2663 laudationem
2367 2649 2386 2677 ,
2439 2600 2513 2662 in
2555 2622 2679 2683 qua

660 2739 871 2781 rursus
917 2717 984 2780 in
1030 2716 1340 2780 verbosam
1386 2716 1890 2782 declamationem
1944 2717 2019 2781 de
2064 2718 2241 2802 probi
2286 2718 2433 2782 civis
2480 2718 2675 2787 officio
2747 2698 2749 2700 V

661 2834 986 2898 delabitur.
1052 2833 1364 2898 Postremo
1418 2823 1876 2899 commiseratur
1920 2836 2092 2899 triste
2137 2835 2303 2899 illius
2350 2837 2577 2901 fatum:
2634 2832 2676 2919 ᾧ

661 2953 727 3025 δὴ
774 2952 1030 3032 σφαλεὶς
1076 2959 1262 3016 κεῖται
1277 3001 1295 3029 ,
1345 2953 1620 3017 Σικελίαν
1665 2955 1850 3020 πένθει
1882 2954 2209 3034 περιβαλὼν
2240 2955 2437 3034 μυρίῳ.
2499 2952 2677 3018 Glau-

661 3070 756 3134 dit
803 3070 1120 3154 epistolam
1166 3070 1419 3134 lectores
1464 3071 1799 3150 monendo,
1848 3069 1996 3136 haec
2043 3072 2247 3135 omnia
2292 3095 2355 3136 se
2397 3073 2679 3137 retulisse
2748 3129 2751 3134 .

657 3189 754 3252 διὰ
799 3189 903 3262 τὴν
948 3189 1200 3253 ἀτοπίαν
1245 3187 1346 3252 καὶ
1392 3189 1646 3266 ἀλογίαν
1690 3195 1801 3254 τῶν
1839 3189 2155 3268 γενομένων
2204 3190 2267 3275 (l.
2306 3190 2673 3275 λεγομένων),

659 3315 906 3393 propter
955 3307 1250 3372 absurdos
1299 3308 1394 3371 his
1441 3307 1516 3370 de
1562 3307 1743 3373 rebus
1789 3289 2079 3373 rumores,
2143 3309 2368 3373 Addit:
2402 3312 2450 3374 εἶ
2480 3309 2528 3373 δ’
2558 3311 2675 3390 ἄρα

660 3425 766 3491 τινὶ
827 3425 910 3490 τὰ
971 3432 1065 3490 νῦν
1112 3427 1344 3507 ῥηθέντα,
1391 3427 1754 3507 εὐλογώτερα
1794 3425 1982 3502 ἐφάνη
2027 3427 2125 3491 καὶ
2173 3427 2492 3509 προφάσεις
2538 3427 2674 3506 πρὸς

665 3545 745 3609 τὰ
804 3545 1093 3622 γενόμενος
1151 3545 1358 3616 ἱκανὰς
1418 3545 1577 3624 ἔχειν
1629 3543 1781 3620 ἔδοξέ
1825 3571 1905 3625 τῳ
1922 3598 1940 3621 ,
1987 3548 2227 3626 μετρίως
2274 3545 2347 3612 ἂν
2394 3549 2529 3623 ἡμῖν
2574 3545 2673 3610 καὶ

665 3665 870 3734 ἱκανῶς
917 3661 1001 3738 εἴη
1047 3663 1128 3727 τὰ
1174 3669 1268 3728 νῦν
1313 3663 1597 3743 εἰρημένοι.
1738 3717 1763 3740 ,
2272 3664 2275 3668 ’

754 3899 849 3963 En
912 3900 1204 3985 epistolae
1258 3907 1669 3988 conspectum.
1761 3900 1801 3963 J
1804 3924 1901 3965 am
1948 3900 2113 3984 quod
2167 3902 2232 3966 in
2280 3902 2448 3966 omni
2496 3903 2677 3988 scrip-

668 4019 864 4096 tione,
911 4019 1171 4082 maxime
1215 4041 1357 4082 vero
1403 4018 1468 4082 in
1516 4018 1807 4103 epistola,
1853 4020 2116 4104 primum
2163 4020 2539 4105 postulatur,
2588 4030 2678 4085 est

664 4143 736 4198 ut
782 4136 1093 4220 proposito
1156 4137 1236 4199 sit
1283 4144 1703 4202 consentanea.
1796 4136 1892 4200 De
1938 4136 2055 4200 hoc
2104 4137 2293 4221 igitur
2342 4137 2676 4203 videamus,

756 4253 974 4318 Dionis
1037 4255 1247 4334 amici,
1297 4262 1544 4319 mortuo
1586 4255 1741 4318 duce
1788 4263 1849 4319 et
1894 4235 2125 4320 rectore
2140 4305 2159 4333 ,
2208 4258 2449 4322 civitate
2494 4258 2675 4323 intes-
