3092 5084
1402 470 1517 531 117

441 671 714 735 Platonis
738 674 1039 736 sententia
1071 673 1147 737 de
1178 674 1491 758 republica
1522 674 1844 753 dicuntum
1879 683 2013 741 tum
2046 678 2121 741 de
2144 679 2464 743 itineribus

439 790 502 852 in
561 789 830 854 Siciliam
886 792 1212 877 susceptiS,
1273 792 1537 876 denique
1585 793 1660 857 de
1707 795 1920 859 ceteris
1968 796 2150 861 rebus
2199 821 2354 882 quae
2401 800 2462 861 in

441 906 719 991 Epistola
764 908 927 972 VIII
975 916 1334 994 tanguntur.

1373 1150 1517 1233 §L

743 1385 835 1447 De
884 1386 1234 1447 Athenarum
1278 1392 1437 1447 statu
1483 1386 1839 1449 adolescente
1887 1370 2152 1451 Platone.

1039 1505 1135 1567 De
1176 1506 1543 1569 damnatione
1587 1475 1860 1570 Socratis.

526 1741 601 1804 In
647 1741 958 1825 Epistolae
1004 1742 1250 1805 exordio
1297 1742 1373 1805 de
1419 1743 1802 1807 Athenarum
1843 1744 2226 1823 conditione,
2261 1746 2461 1829 qualis

436 1860 551 1924 sub
598 1860 848 1944 triginta
880 1861 1022 1925 viris
1055 1868 1115 1925 et
1147 1862 1420 1947 proximo
1452 1862 1736 1947 deinceps
1771 1872 2040 1947 tempore
2071 1864 2285 1941 fuerit,
2311 1865 2460 1929 haee

435 1979 753 2057 dicuntur,
802 2004 861 2064 p.
912 1982 1040 2043 324
1096 1978 1163 2043 C.
1226 1980 1677 2058 „AdolescenS‚
1727 1981 1876 2045 dicit
1922 1984 2211 2067 scriptor,
2268 2004 2459 2066 quum

434 2099 761 2185 cogitarem
816 2099 1255 2185 rempublicam
1302 2122 1643 2184 capessere,
1691 2108 1965 2185 tempora
2011 2101 2161 2164 mihi
2209 2100 2459 2165 adversa

434 2219 720 2283 fuerunt:
772 2220 880 2284 ὑπὸ
927 2225 1155 2283 πολλῶν
1198 2221 1318 2301 γὰρ
1362 2226 1467 2293 τῆς
1514 2219 1649 2285 τότε
1693 2220 2108 2301 λοιδορουμένης
2157 2222 2455 2293 πολιτείοις

433 2341 559 2424 (up.
622 2348 728 2413 τῆς
786 2338 1197 2423 δημοκρατίας)
1248 2339 1560 2415 μεταβολὴ
1627 2338 1930 2416 γίγνεται,
1976 2339 2074 2403 καὶ
2121 2347 2226 2414 τῆς
2271 2364 2456 2417 μετα-

431 2458 615 2534 βολῆς
664 2452 742 2529 εἷς
788 2457 886 2521 καὶ
933 2458 1289 2531 πεντήκοντα
1326 2481 1473 2530 τινες
1512 2457 1706 2538 ἄνδρες
1739 2458 2107 2537 προῦστησαν
2136 2456 2417 2539 ἄρχοντες
2435 2509 2453 2542 ,

430 2573 631 2641 ἕνδεκα
697 2577 803 2653 μὲν
872 2577 928 2639 ἐν
994 2574 1165 2667 ἄστει
1183 2626 1199 2657 ,
1259 2575 1397 2639 δέκα
1457 2576 1505 2639 δ’
1544 2577 1601 2640 ἐν
1647 2583 1931 2655 Πειραιεῖ,
1980 2576 2106 2656 περὶ
2153 2580 2208 2640 τ’
2230 2579 2452 2657 ἀγορὰν

430 2693 682 2772 ἑκάτεροι
726 2695 941 2759 τούτων
986 2693 1096 2760 ὅσα
1140 2697 1196 2759 τ’
1224 2695 1281 2758 ἐν
1326 2702 1443 2766 τοῖς
1481 2694 1688 2759 ἄστεσι
1720 2696 1936 2761 διοικεῖν
1967 2694 2111 2772 ἔδει,
2145 2696 2454 2775 τριάκοντα

430 2815 489 2878 δὲ
536 2814 766 2879 πάντων
818 2810 1099 2893 ἄρχοντες
1144 2814 1515 2888 κατέστησαν
1562 2813 1986 2893 αὐτοκράτορες.
2059 2813 2310 2878 Abolita
2355 2814 2453 2878 de·

429 2933 753 3010 mocratia,
802 2932 1170 3017 reipublicae
1216 2932 1592 3017 praepositos
1625 2954 1752 2995 esse
1785 2931 1933 2995 dicit
1957 2953 2152 2996 unum
2185 2940 2245 2996 et
2278 2933 2453 3017 quin-

431 3052 727 3135 quaginta
770 3052 963 3128 virOS,
1010 3051 1295 3115 undecim
1338 3051 1405 3115 in
1450 3050 1602 3114 urbe
1617 3100 1636 3129 ,
1684 3050 1889 3115 decem
1943 3051 2007 3114 in
2048 3050 2262 3115 Piraeo
2281 3101 2300 3129 ,
2349 3052 2453 3116 tri-

431 3170 603 3254 ginta
648 3176 850 3234 antem
898 3192 1135 3233 summa
1178 3175 1476 3254 potestate
1522 3166 1808 3232 omnibus
1854 3168 2240 3253 imperantes,

522 3287 644 3351 Hic
696 3288 823 3373 jam
886 3288 1092 3351 statim
1146 3288 1369 3352 mirum
1415 3286 1637 3351 accidit
1683 3287 1848 3371 quod
1895 3287 2156 3352 Athenis
2203 3310 2452 3373 praepo-

432 3408 535 3471 siti
581 3430 709 3471 esse
755 3407 1047 3485 dicuntur
1092 3405 1182 3469 LI
1211 3406 1359 3483 viri,
1407 3406 1583 3490 quasi
1614 3406 1710 3484 hi,
1753 3407 1864 3470 etsi
1895 3407 2215 3491 potestatis
2254 3407 2449 3491 gradu

390 3605 397 3615 .
432 3525 734 3610 dispareS,
783 3546 976 3588 unum
1023 3532 1228 3588 tamen
1274 3523 1598 3589 consilium
1637 3524 1963 3589 effecerint.
2035 3525 2132 3589 Ab
2165 3525 2448 3589 omnibus

433 3643 735 3707 veteribus
796 3642 1197 3728 scriptoribus
1254 3666 1378 3707 uno
1441 3665 1741 3706 consensu
1802 3645 1849 3707 οἱ
1905 3643 2214 3721 τριάκοντα
2261 3643 2450 3709 uomi-

430 3770 655 3826 nantur
716 3769 1009 3846 tanquam
1070 3785 1343 3825 summus
1402 3762 1797 3846 magistratus
1815 3810 1832 3839 ,
1900 3786 2208 3826 summum
2271 3763 2452 3826 colle-

431 3882 628 3965 gium,
685 3881 785 3944 cui
830 3881 1014 3944 ceteri
1060 3902 1269 3944 omnes
1317 3889 1616 3965 parerent.
1710 3880 1830 3943 Illa
1876 3880 2204 3965 appellatio
2249 3903 2450 3964 neque

430 4006 573 4084 apta
633 4006 693 4062 et
756 4006 846 4063 est
906 3999 1170 4064 insolita.
1264 4000 1495 4063 Mirum
1557 4000 1742 4064 etiam
1803 4000 1969 4083 quod
2027 3999 2272 4064 additur
2317 4025 2448 4064 πεν-

431 4115 681 4193 τήκοντα
711 4141 923 4191 τινες,
960 4119 1133 4203 quasi
1163 4118 1229 4181 hi
1253 4118 1496 4183 obscuri
1526 4124 1636 4183 aut
1665 4118 1862 4203 ignoti
1891 4118 2166 4182 homines
2197 4117 2443 4182 fuerint.

434 4238 777 4302 Pronomen
821 4263 909 4310 τις
956 4238 1054 4302 hio
1095 4261 1219 4303 non
1248 4238 1442 4323 magis
1474 4238 1623 4302 scite
1655 4238 2002 4325 appositum
2035 4260 2218 4323 quam
2250 4236 2407 4301 infra
2421 4286 2440 4315 ‚
