3092 5084
1360 472 1484 549 123

413 720 543 762 eam
590 696 888 761 deductus
936 719 1069 759 sum
1116 696 1479 758 sententiam
1498 744 1516 771 ,
1567 716 1777 757 omnes
1826 694 2100 757 civitates
2149 693 2306 755 male
2351 715 2444 755 or-

416 817 655 879 dinatas
724 838 885 893 esse,
953 814 1147 891 λέγειν
1216 816 1273 877 τ’
1326 814 1695 887 ἠναγκάσθην
1712 864 1728 895 ,
1795 815 2036 877 ἐπαινῶν
2106 813 2210 885 τὴν
2287 812 2442 892 ὀρθὴν

417 932 805 1017 φιλοσοφίαν,
865 936 936 1005 ὡς
984 934 1048 997 ἐκ
1092 933 1313 1007 ταύτης
1360 932 1481 996 ἐστὶ
1530 930 1611 995 τοὶ
1657 957 1724 996 τε
1769 934 2043 996 πολιτικοὶ
2091 931 2288 995 δίκαιοι
2335 929 2440 995 καὶ

418 1053 501 1118 τὰ
560 1060 670 1116 τῶν
739 1054 963 1119 ἰδιωτῶν
1010 1052 1212 1117 πάντα
1257 1051 1537 1131 κατιδεῖν,
1586 1056 1776 1115 κακῶν
1816 1052 1864 1113 δ’
1887 1054 1948 1115 οὐ
1986 1048 2180 1125 λήξειν
2216 1051 2299 1115 τοὶ
2337 1052 2440 1114 0222-

421 1172 664 1253 θρώπινοι
723 1171 898 1249 γένη,
961 1172 1087 1251 πρὶν
1148 1169 1220 1235 ἂν
1268 1170 1423 1244 ἦντὸ
1468 1175 1598 1233 τῶν
1643 1170 2233 1251 φιλοσοφούντων
2279 1170 2440 1249 ὀρθῶς

422 1315 497 1368 γε
536 1292 625 1375 (τε
642 1291 693 1375 Ρ)
738 1291 837 1355 καὶ
884 1291 1106 1364 ἀληθῶς
1146 1290 1309 1365 γένος
1351 1291 1409 1354 εἰ
1421 1315 1449 1362 ς
1489 1289 1729 1368 οὶρχοὶς
1770 1287 1929 1370 ἔλθῃ
1974 1290 2086 1359 τοὶς
2131 1288 2440 1359 πολιτικὰς

424 1410 457 1485 ἢ
489 1410 568 1472 τὸ
599 1414 729 1473 τῶν
768 1409 1337 1485 δυναστευόντων
1375 1410 1432 1472 ἐν
1475 1414 1624 1479 τοοῒς.
1658 1406 1893 1471 πόλεσιν
1937 1407 2002 1471 ἔκ
2047 1430 2192 1477 τινος
2232 1413 2437 1486 μοῖροις

421 1528 574 1599 θείοις
620 1524 788 1599 ὅντως
838 1528 1313 1609 φιλοσοφήσῃ.
1369 1549 1436 1616 p.
1473 1528 1601 1588 326
1643 1527 1719 1589 A.
1768 1524 1936 1589 Haec
1970 1525 2257 1609 cogitatio
2295 1548 2435 1589 611111

420 1646 667 1731 impulit
710 1653 782 1710 ut
826 1645 1037 1710 relicta
1080 1647 1278 1731 patria
1320 1647 1385 1709 in
1432 1645 1678 1709 Italiam
1724 1646 2031 1731 migraret.

510 1766 863 1829 Secundum
908 1765 1021 1829 hoc
1068 1766 1259 1850 igitur
1304 1766 1721 1828 testimonium
1768 1765 1944 1828 Plato
1993 1773 2130 1849 post
2179 1770 2438 1827 mortem

424 1883 689 1947 Socratis
720 1907 879 1961 11011,
918 1891 985 1947 ut
1016 1884 1200 1968 vulgo
1232 1882 1558 1960 traditum,
1607 1883 1816 1946 stat-im
1849 1906 2096 1967 peregre
2131 1870 2438 1967 profectus

428 2008 553 2079 est,
600 2001 708 2066 sed
753 2002 1043 2065 remansit
1088 2002 1347 2065 Athenis
1392 2002 1457 2069 in
1504 2002 1735 2087 patria,
1785 2009 1916 2065 tota
1961 2009 2164 2064 mente
2209 2002 2274 2064 in
2323 2000 2438 2063 hoc

427 2120 697 2197 defixuS,
764 2119 1067 2203 quomodo
1131 2121 1330 2183 sanari
1391 2119 1656 2183 civitatis
1717 2120 1967 2184 morbus
2013 2125 2219 2204 posset
2233 2146 2252 2197 3
2317 2141 2438 2202 quo

426 2239 618 2323 magis
688 2245 893 2303 autem
963 2242 1158 2302 aetate
1226 2245 1689 2315 maturesceret,
1756 2261 1826 2301 eo
1885 2238 2114 2301 firmius
2176 2238 2290 2300 hoc
2354 2246 2441 2301 te-

424 2360 595 2436 nuit,
645 2358 844 2422 solum
889 2358 1226 2422 remedium
1274 2381 1399 2422 esse
1444 2358 1508 2421 in
1563 2368 1638 2439 τῇ
1685 2358 1807 2440 ὀρθῇ
1853 2358 2210 2440 φιλοσοφίᾳε
2256 2360 2436 2421 finem

423 2478 721 2541 malorum
756 2466 1000 2541 nullum·
1029 2478 1189 2556 fore,
1234 2479 1353 2542 nisi
1385 2478 1570 2542 iidem
1605 2485 1805 2542 essent
1835 2478 2200 2562 imperantes
2233 2476 2442 2540 iidem·

424 2617 542 2678 que
604 2596 973 2680 philosophi.
1067 2596 1251 2676 Quod
1314 2620 1503 2681 quum
1550 2597 1614 2661 in
1662 2598 1858 2681 patria
1921 2596 2075 2659 effici
2120 2619 2294 2680 posse
2341 2595 2440 2659 de-

424 2723 725 2799 speraret,
791 2716 1045 2779 excessit
1108 2716 1365 2780 Athenis
1428 2725 1489 2780 et
1548 2717 1613 2779 in
1667 2716 1911 2779 Italiam
1959 2717 2265 2800 profectus
2311 2722 2403 2779 est
2418 2765 2436 2793 ,

423 2841 648 2918 putans
693 2834 1015 2913 nimirum,
1080 2836 1166 2899 ibi
1226 2838 1477 2899 fortasse
1520 2836 1740 2900 melius
1787 2843 2082 2899 moratam
2129 2836 2435 2899 civitatem

418 2975 484 3016 se
528 2953 955 3031 inventurum,
1019 2975 1175 3037 quae
1236 2978 1267 3018 e
1314 2955 1736 3039 philosophiae
1781 2954 2116 3039 praeceptis
2164 2954 2430 3017 ordinari

423 3079 644 3155 posset.
693 3070 866 3135 Idem
898 3072 1221 3137 consilium
1258 3073 1624 3157 philosopho
1663 3074 1728 3136 in
1768 3074 1909 3137 aula
1946 3073 2229 3157 Dionysii
2261 3074 2436 3157 profi-

422 3190 670 3255 ciscenti
702 3189 1079 3254 obversatum
1115 3214 1243 3254 6666
1259 3242 1275 3273 ,
1310 3191 1590 3275 Epistola
1620 3214 1745 3255 non
1777 3215 1902 3255 uno
1934 3190 2068 3254 loco
2101 3192 2434 3275 significat,

423 3332 481 3393 p.
534 3312 661 3371 328
710 3311 807 3372 A:
856 3309 1001 3374 ὥστε
1046 3310 1203 3391 εἴπερ
1249 3312 1390 3374 ποτὲ
1435 3311 1535 3374 xx)
1584 3316 1678 3375 νῦν
1725 3310 1890 3381 ἔλπις
1939 3314 2112 3374 mio-x
2157 3312 2436 3376 ἀποτελε-

420 3429 690 3503 σθήσεται
736 3435 837 3494 τοῦ
882 3430 1044 3501 τοὺς
1092 3430 1347 3501 αὐτοὺς
1396 3428 1839 3511 φιλοσόφους
1886 3454 1964 3493 τε
2006 3428 2123 3493 καὶ
2163 3428 2434 3493 πόλεων

420 3546 784 3626 ἄρχοντας
830 3546 1111 3623 μεγάλων
1156 3546 1456 3623 ξυμβῆναι
1508 3547 1878 3624 γενομένους.
1913 3535 2005 3609 Ι61
2052 3571 2109 3631 p.
2161 3548 2287 3610 335
2339 3548 2430 3611 D:

421 3664 797 3749 „Dionysius
859 3686 1141 3749 magnam
1187 3665 1478 3729 ditionem
1526 3665 1908 3750 possidebat,
1967 3669 2026 3729 ἐν
2074 3663 2110 3746 ᾗ
2154 3665 2432 3743 γενομένη

420 3783 820 3863 φιλοσοφία
866 3809 943 3847 τε
988 3782 1107 3847 καὶ
1155 3784 1447 3861 δύναμις
1500 3782 1671 3855 ὅντως
1719 3786 1784 3847 ἐν
1830 3786 2105 3865 τοιὺτῷ,
2155 3761 2244 3847 ἓιὲ
2294 3783 2436 3849 ποίν-

418 3989 593 4047 νόμιμα
641 3988 719 4041 ἔθη
766 4000 864 4031 11011
904 3983 1001 4031 sint
1032 3988 1285 4053 γράμμασι
1318 3986 1517 4047 signata.
1589 3981 1851 4051 Scripsitne
1884 3990 2028 4048 νόμων
2058 3990 2327 4052 γράμματα
2361 3988 2438 4035 καὶ

418 4082 531 4140 ἤθη,
580 4078 612 4125 1.
646 4094 689 4125 6.
734 4080 885 4143 lequm
930 4079 1099 4127 literae
1132 4086 1177 4127 et
1210 4078 1436 4137 indoles?
1494 4080 1559 4127 At
1593 4079 1707 4127 haec
1742 4095 1928 4142 quoquc
1963 4078 2175 4141 quaesita
2211 4084 2281 4127 est
2318 4079 2440 4127 anti—

422 4171 567 4220 thesis
614 4188 701 4236 pro
746 4189 893 4222 mores
931 4176 977 4221 et
1018 4176 1155 4237 ἱερου.
1192 4173 1398 4222 -Similis
1445 4174 1729 4238 periphrasis
1785 4178 1855 4222 est
1904 4174 1953 4221 in
2004 4174 2165 4237 spurio
2222 4174 2435 4223 Platonis

422 4266 541 4316 libro
577 4268 797 4333 Epinom.
840 4284 885 4333 p.
918 4267 1015 4320 976
1057 4269 1120 4317 B:
1158 4269 1321 4327 δόξης
1354 4274 1519 4329 ἤθεσι
1550 4276 1850 4338 προσέχοντες
1883 4273 1958 4321 τὸν
1988 4274 2082 4320 νοῦν
2111 4284 2198 4333 pro
2235 4271 2399 4333 δόξαις.
