3092 5084
1093 1325 1474 1421 CAPUT
1555 1325 1651 1418 H.

514 1697 596 1740 DE
641 1695 1068 1752 EPISTOLnRUM
1113 1694 1462 1737 VETUSTATE
1509 1695 1853 1753 EARUMQUE
1900 1695 2089 1740 INTER
2132 1696 2203 1738 SE

669 1815 800 1859 TAM
843 1813 1289 1858 DISOREPANTIA
1335 1812 1516 1870 QUAM
1563 1813 2047 1859 CONIUNCTIONE.

449 2446 756 2532 Diogenes
816 2446 1096 2511 Laertius
1157 2447 1222 2510 in
1283 2445 1432 2511 Vita
1490 2446 1765 2511 Platonis
1826 2445 1950 2512 III.
2011 2449 2045 2532 ᾧ
2105 2449 2185 2510 56
2236 2469 2367 2532 sqq.

355 2570 682 2642 memorat,
752 2587 786 2628 e
847 2570 1120 2628 veterum
1186 2564 1715 2650 grammaticorum
1773 2565 2121 2629 testimonio
2168 2564 2370 2629 Plato·

353 2705 503 2746 nem
546 2681 819 2767 dialogos
865 2705 1008 2746 suos
1053 2681 1314 2747 edidisse
1360 2682 1693 2768 descriptos
1738 2684 1897 2747 κατα
1944 2683 2242 2763 τριλογίαν
2276 2681 2371 2748 vel

357 2799 528 2864 κατὰ
599 2801 1005 2879 τετραλογίαν.
1099 2799 1270 2864 Inter
1338 2821 1438 2864 eos
1508 2797 1617 2884 qui
1684 2800 1749 2864 in
1817 2800 2089 2886 trilogias
2158 2799 2373 2864 divise·

355 2927 512 2982 runt
568 2918 844 2982 nominat
900 2918 1369 3003 Aristophanem
1415 2917 1820 3004 Byzantinum
1868 2920 1922 3004 (ξ
1969 2920 2095 3001 61).
2166 2917 2372 2984 Verba

357 3037 496 3122 ejus
559 3035 706 3099 haec
766 3043 944 3100 sunt:
987 3035 1162 3101 Ἔνιοι
1218 3035 1278 3100 δὲ
1294 3086 1312 3108 ,
1379 3032 1451 3100 ὧν
1511 3036 1634 3100 ἐστὶ
1696 3035 1798 3101 καὶ
1861 3035 2285 3117 Ἀριστοφάνης
2344 3038 2370 3099 ὃ

357 3154 776 3240 γραμματικὸς
794 3203 813 3237 ,
875 3156 954 3226 εἰς
1012 3155 1307 3234 τριλογίας
1367 3151 1592 3220 ἕλκουσι
1660 3155 1791 3226 τοὺς
1860 3154 2163 3232 διαλόγους
2182 3206 2201 3230 ‚
2272 3155 2370 3220 καὶ

357 3273 588 3354 πρώτην
639 3273 746 3349 μὲν
788 3271 1034 3338 τιθέασιν
1049 3321 1066 3354 ,
1115 3267 1179 3347 ἧς
1231 3277 1461 3350 ἡγεῖται
1517 3273 1819 3346 Πολιτεία,
1882 3273 2132 3350 Τίμαιος
2150 3323 2169 3351 ,
2245 3285 2375 3354 Κρι-

358 3391 499 3462 τίας
519 3439 714 3468 .....
752 3391 1029 3468 πέμπτην
1057 3389 1290 3470 Κρίτων,
1324 3392 1575 3468 Φαίδων,
1606 3393 2069 3458 Ἐπιστολαί·
2102 3393 2185 3457 τοὶ
2215 3389 2372 3456 δ’ἄλ-

358 3525 447 3572 λα
493 3509 621 3574 καθ’
667 3505 725 3573 ἓν
769 3507 869 3574 καὶ
912 3508 1207 3581 οὶτοὶκτως.
1255 3509 1350 3574 Ex
1395 3509 1510 3574 hoe
1557 3510 1691 3574 loco
1736 3511 1943 3595 colligi
1989 3533 2165 3595 posse
2212 3511 2373 3574 vide-

360 3634 470 3691 tur
517 3626 987 3712 Aristophanem
1031 3625 1337 3713 Epistulas
1381 3650 1624 3713 quoque
1656 3627 1813 3692 inter
1841 3628 2116 3692 Platonis
2148 3629 2373 3715 scripta

361 3743 759 3808 recensuisse.
828 3743 1180 3830 Ambigitur
1241 3753 1474 3823 tamen,
1522 3753 1733 3810 utrum
1779 3745 1937 3810 illud
1983 3742 2057 3811 ὧν
2100 3748 2223 3812 ἐστὶ
2269 3747 2368 3811 καὶ

362 3861 788 3944 Ἀριστοφάνης
859 3861 1240 3927 referendum
1301 3862 1382 3927 sit
1439 3869 1685 3928 tantum
1747 3863 1826 3928 ad
1886 3864 2228 3950 proximum
2291 3865 2368 3938 εἰς

268 3971 272 3975 ’
366 3979 666 4060 τριλογίας
727 3975 951 4044 ἕλκουσι
997 4005 1055 4046 τ.
1102 3980 1152 4046 3.
1171 4029 1186 4058 ,
1249 4003 1325 4045 an
1370 3981 1671 4066 pertineat
1708 3982 1891 4046 etiam
1935 3981 2013 4046 ad
2060 3980 2374 4069 descripti-

369 4119 552 4162 onem
595 4119 777 4182 quam
806 4096 1089 4184 deinceps
1121 4099 1468 4185 subjungit,
1516 4099 1871 4180 καὶ,πρώτην
1897 4125 1968 4176 μ.
2000 4100 2216 4166 τιθέασι
2246 4103 2368 4166 κτὲ.

370 4214 438 4287 Si
495 4215 800 4309 Diogenes
859 4193 1135 4286 accurate
1195 4217 1438 4287 locutus
1486 4225 1579 4284 est
1592 4269 1612 4299 ,
1661 4218 1739 4288 ad
1784 4226 2115 4306 utrumque
2161 4218 2371 4294 referri
