<?xml version="1.0" encoding="UTF-8"?>
<!DOCTYPE html PUBLIC "-//W3C//DTD XHTML 1.0 Transitional//EN"
    "http://www.w3.org/TR/xhtml1/DTD/xhtml1-transitional.dtd">
<html xmlns="http://www.w3.org/1999/xhtml" xml:lang="en" lang="en">
 <head>
  <title>
</title>
<meta http-equiv="Content-Type" content="text/html;charset=utf-8" />
  <meta name='ocr-system' content='tesseract 3.04.00' />
  <meta name='ocr-capabilities' content='ocr_page ocr_carea ocr_par ocr_line ocrx_word'/>
</head>
<body>
  <div class='ocr_page' id='page_1' title='image "./commentatiocrit01karsgoog_0195.png"; bbox 0 0 3092 5084; ppageno 0'>
   <div class='ocr_carea' id='block_1_1' title="bbox 1348 485 1470 547">
    <p class='ocr_par' dir='ltr' id='par_1_1' title="bbox 1348 485 1470 547">
     <span class='ocr_line' id='line_1_1' title="bbox 1348 485 1470 547; baseline 0 0"><span class='ocrx_word' id='word_1_1' title='bbox 1348 485 1470 547; x_wconf 89' lang='grc'>161</span> 
     </span>
    </p>
   </div>
   <div class='ocr_carea' id='block_1_2' title="bbox 372 691 2419 2679">
    <p class='ocr_par' dir='ltr' id='par_1_2' title="bbox 372 691 2419 2679">
     <span class='ocr_line' id='line_1_2' title="bbox 408 691 2414 771; baseline -0 -13"><span class='ocrx_word' id='word_1_2' title='bbox 408 718 553 759; x_wconf 83' lang='grc' dir='ltr'><em>νεσιν</em></span> <span class='ocrx_word' id='word_1_3' title='bbox 595 697 660 758; x_wconf 79' lang='grc' dir='ltr'>ἐκ</span> <span class='ocrx_word' id='word_1_4' title='bbox 704 698 1071 770; x_wconf 72' lang='grc' dir='ltr'><em>μονογενοῦς,</em></span> <span class='ocrx_word' id='word_1_5' title='bbox 1122 693 1200 763; x_wconf 81' lang='grc' dir='ltr'>εἷς</span> <span class='ocrx_word' id='word_1_6' title='bbox 1246 691 1313 755; x_wconf 78' lang='grc' dir='ltr'>τὸ</span> <span class='ocrx_word' id='word_1_7' title='bbox 1358 692 1583 771; x_wconf 80' lang='grc' dir='ltr'><em>μετρίον</em></span> <span class='ocrx_word' id='word_1_8' title='bbox 1627 698 1858 771; x_wconf 68' lang='grc' dir='ltr'><em>μᾶλλον</em></span> <span class='ocrx_word' id='word_1_9' title='bbox 1903 693 2228 769; x_wconf 75' lang='grc' dir='ltr'><em>ξυνέστειλε</em></span> <span class='ocrx_word' id='word_1_10' title='bbox 2255 716 2268 729; x_wconf 90' lang='grc'>·</span> <span class='ocrx_word' id='word_1_11' title='bbox 2318 695 2414 758; x_wconf 67' lang='grc' dir='ltr'>καὶ</span> 
     </span>
     <span class='ocr_line' id='line_1_3' title="bbox 408 804 2415 894; baseline -0.001 -17"><span class='ocrx_word' id='word_1_12' title='bbox 408 813 567 889; x_wconf 72' lang='grc' dir='ltr'>μετὰ</span> <span class='ocrx_word' id='word_1_13' title='bbox 626 814 781 877; x_wconf 78' lang='grc' dir='ltr'><em>τοῦτ’</em></span> <span class='ocrx_word' id='word_1_14' title='bbox 844 810 928 875; x_wconf 76' lang='grc' dir='ltr'>ἔτι</span> <span class='ocrx_word' id='word_1_15' title='bbox 988 811 1165 893; x_wconf 77' lang='grc' dir='ltr'><em>φύσις</em></span> <span class='ocrx_word' id='word_1_16' title='bbox 1225 836 1312 883; x_wconf 77' lang='grc' dir='ltr'>τις</span> <span class='ocrx_word' id='word_1_17' title='bbox 1372 810 1683 891; x_wconf 67' lang='grc' dir='ltr'><em>ἀνθρωπίνη</em></span> <span class='ocrx_word' id='word_1_18' title='bbox 1739 812 2075 890; x_wconf 69' lang='grc' dir='ltr'><em>μεμιγμένη</em></span> <span class='ocrx_word' id='word_1_19' title='bbox 2145 804 2268 894; x_wconf 63' lang='grc' dir='ltr'>θείᾳ</span> <span class='ocrx_word' id='word_1_20' title='bbox 2311 814 2415 877; x_wconf 73' lang='grc' dir='ltr'><em>τινὶ</em></span> 
     </span>
     <span class='ocr_line' id='line_1_4' title="bbox 405 922 2418 1016; baseline 0.001 -22"><span class='ocrx_word' id='word_1_21' title='bbox 405 931 641 1009; x_wconf 68' lang='grc' dir='ltr'><em>δυνάμει</em></span> <span class='ocrx_word' id='word_1_22' title='bbox 670 983 683 999; x_wconf 93' lang='grc'><strong>.</strong></span> <span class='ocrx_word' id='word_1_23' title='bbox 706 982 719 996; x_wconf 95' lang='grc'><strong>.</strong></span> <span class='ocrx_word' id='word_1_24' title='bbox 741 981 756 997; x_wconf 94' lang='grc'><strong>.</strong></span> <span class='ocrx_word' id='word_1_25' title='bbox 780 932 884 1007; x_wconf 73' lang='grc' dir='ltr'>τὴν</span> <span class='ocrx_word' id='word_1_26' title='bbox 908 935 1019 995; x_wconf 78' lang='grc' dir='ltr'>τῶν</span> <span class='ocrx_word' id='word_1_27' title='bbox 1042 922 1184 995; x_wconf 63' lang='grc' dir='ltr'><em>ὄκσω</em></span> <span class='ocrx_word' id='word_1_28' title='bbox 1206 930 1307 995; x_wconf 70' lang='lat' dir='ltr'>xx)</span> <span class='ocrx_word' id='word_1_29' title='bbox 1330 928 1500 995; x_wconf 81' lang='grc' dir='ltr'><em>εἴκοσι</em></span> <span class='ocrx_word' id='word_1_30' title='bbox 1522 929 1798 1009; x_wconf 69' lang='grc' dir='ltr'><em>γερόντων</em></span> <span class='ocrx_word' id='word_1_31' title='bbox 1822 932 2105 1016; x_wconf 73' lang='grc' dir='ltr'><em>(δύναμιν)</em></span> <span class='ocrx_word' id='word_1_32' title='bbox 2130 932 2418 1014; x_wconf 78' lang='grc' dir='ltr'><em>ἰσόψηφον</em></span> 
     </span>
     <span class='ocr_line' id='line_1_5' title="bbox 407 1048 2416 1131; baseline 0.001 -18"><span class='ocrx_word' id='word_1_33' title='bbox 407 1052 485 1121; x_wconf 79' lang='grc' dir='ltr'>εἰς</span> <span class='ocrx_word' id='word_1_34' title='bbox 531 1050 613 1115; x_wconf 69' lang='grc' dir='ltr'>τοὶ</span> <span class='ocrx_word' id='word_1_35' title='bbox 642 1049 905 1127; x_wconf 74' lang='grc' dir='ltr'><em>μέγιστοι</em></span> <span class='ocrx_word' id='word_1_36' title='bbox 948 1060 1021 1131; x_wconf 72' lang='grc' dir='ltr'>τῇ</span> <span class='ocrx_word' id='word_1_37' title='bbox 1060 1054 1169 1113; x_wconf 79' lang='grc' dir='ltr'>τῶν</span> <span class='ocrx_word' id='word_1_38' title='bbox 1213 1048 1506 1127; x_wconf 69' lang='grc' dir='ltr'><em>βασιλέων</em></span> <span class='ocrx_word' id='word_1_39' title='bbox 1552 1050 1846 1124; x_wconf 71' lang='grc' dir='ltr'><em>ποιήσασαι</em></span> <span class='ocrx_word' id='word_1_40' title='bbox 1867 1049 2103 1126; x_wconf 69' lang='grc' dir='ltr'><em>δυνάμει</em></span> <span class='ocrx_word' id='word_1_41' title='bbox 2131 1070 2144 1084; x_wconf 88' lang='grc'><em>·</em></span> <span class='ocrx_word' id='word_1_42' title='bbox 2172 1051 2200 1114; x_wconf 80' lang='lat'>0‘</span> <span class='ocrx_word' id='word_1_43' title='bbox 2224 1051 2280 1115; x_wconf 76' lang='grc' dir='ltr'>δὲ</span> <span class='ocrx_word' id='word_1_44' title='bbox 2303 1050 2416 1131; x_wconf 79' lang='grc' dir='ltr'><strong><em>τρί-</em></strong></span> 
     </span>
     <span class='ocr_line' id='line_1_6' title="bbox 406 1163 2414 1251; baseline -0 -17"><span class='ocrx_word' id='word_1_45' title='bbox 406 1192 501 1239; x_wconf 81' lang='grc' dir='ltr'>τος</span> <span class='ocrx_word' id='word_1_46' title='bbox 548 1170 731 1248; x_wconf 73' lang='grc' dir='ltr'><em>σωτὴρ</em></span> <span class='ocrx_word' id='word_1_47' title='bbox 758 1221 771 1235; x_wconf 89' lang='grc'><strong>.</strong></span> <span class='ocrx_word' id='word_1_48' title='bbox 800 1220 815 1233; x_wconf 95' lang='grc'><strong>.</strong></span> <span class='ocrx_word' id='word_1_49' title='bbox 844 1218 860 1233; x_wconf 92' lang='grc'><strong>.</strong></span> <span class='ocrx_word' id='word_1_50' title='bbox 922 1163 1026 1233; x_wconf 81' lang='grc' dir='ltr'><em>οἷον</em></span> <span class='ocrx_word' id='word_1_51' title='bbox 1084 1166 1295 1247; x_wconf 70' lang='grc' dir='ltr'><em>ψάλιον</em></span> <span class='ocrx_word' id='word_1_52' title='bbox 1356 1168 1632 1245; x_wconf 69' lang='grc' dir='ltr'><em>ἐνέβαλεν</em></span> <span class='ocrx_word' id='word_1_53' title='bbox 1681 1170 1832 1249; x_wconf 68' lang='grc' dir='ltr'>αὐτῇ</span> <span class='ocrx_word' id='word_1_54' title='bbox 1892 1170 1996 1243; x_wconf 69' lang='grc' dir='ltr'>τὴν</span> <span class='ocrx_word' id='word_1_55' title='bbox 2041 1174 2152 1234; x_wconf 79' lang='grc' dir='ltr'>τῶν</span> <span class='ocrx_word' id='word_1_56' title='bbox 2197 1167 2414 1251; x_wconf 78' lang='grc' dir='ltr'><em>ἐφόρων</em></span> 
     </span>
     <span class='ocr_line' id='line_1_7' title="bbox 407 1282 2416 1371; baseline -0 -20"><span class='ocrx_word' id='word_1_57' title='bbox 407 1288 666 1365; x_wconf 76' lang='grc' dir='ltr'>δύναμιν.</span> <span class='ocrx_word' id='word_1_58' title='bbox 726 1286 927 1371; x_wconf 83' lang='lat' dir='ltr'>Igitur</span> <span class='ocrx_word' id='word_1_59' title='bbox 973 1284 1309 1350; x_wconf 88' lang='lat' dir='ltr'>secundum</span> <span class='ocrx_word' id='word_1_60' title='bbox 1354 1285 1674 1349; x_wconf 79' lang='lat' dir='ltr'>Platonem</span> <span class='ocrx_word' id='word_1_61' title='bbox 1719 1282 1934 1349; x_wconf 83' lang='lat' dir='ltr'>salutis</span> <span class='ocrx_word' id='word_1_62' title='bbox 1980 1285 2416 1371; x_wconf 75' lang='lat' dir='ltr'>Spartanorum</span> 
     </span>
     <span class='ocr_line' id='line_1_8' title="bbox 407 1379 2416 1489; baseline -0 -19"><span class='ocrx_word' id='word_1_63' title='bbox 407 1413 531 1470; x_wconf 86' lang='lat' dir='ltr'>tres</span> <span class='ocrx_word' id='word_1_64' title='bbox 590 1407 839 1469; x_wconf 85' lang='lat' dir='ltr'>fuerunt</span> <span class='ocrx_word' id='word_1_65' title='bbox 900 1413 1205 1469; x_wconf 82' lang='lat' dir='ltr'>auctores:</span> <span class='ocrx_word' id='word_1_66' title='bbox 1270 1405 1463 1489; x_wconf 88' lang='lat' dir='ltr'>primo</span> <span class='ocrx_word' id='word_1_67' title='bbox 1526 1379 1667 1468; x_wconf 87' lang='lat' dir='ltr'>loco</span> <span class='ocrx_word' id='word_1_68' title='bbox 1727 1413 1946 1469; x_wconf 83' lang='lat' dir='ltr'>natura</span> <span class='ocrx_word' id='word_1_69' title='bbox 2007 1406 2129 1468; x_wconf 90' lang='lat' dir='ltr'>sive</span> <span class='ocrx_word' id='word_1_70' title='bbox 2195 1406 2416 1489; x_wconf 86' lang='lat' dir='ltr'>aliquis</span> 
     </span>
     <span class='ocr_line' id='line_1_9' title="bbox 408 1522 2417 1607; baseline 0 -19"><span class='ocrx_word' id='word_1_71' title='bbox 408 1525 555 1589; x_wconf 86' lang='lat' dir='ltr'>deus</span> <span class='ocrx_word' id='word_1_72' title='bbox 568 1552 587 1603; x_wconf 83' lang='lat'>3</span> <span class='ocrx_word' id='word_1_73' title='bbox 636 1524 788 1588; x_wconf 83' lang='lat' dir='ltr'>alter</span> <span class='ocrx_word' id='word_1_74' title='bbox 832 1523 1101 1588; x_wconf 89' lang='lat' dir='ltr'>mortalis</span> <span class='ocrx_word' id='word_1_75' title='bbox 1148 1524 1354 1586; x_wconf 87' lang='lat' dir='ltr'>divina</span> <span class='ocrx_word' id='word_1_76' title='bbox 1384 1522 1592 1587; x_wconf 89' lang='lat' dir='ltr'>indole</span> <span class='ocrx_word' id='word_1_77' title='bbox 1622 1523 1931 1607; x_wconf 90' lang='lat' dir='ltr'>praeditus</span> <span class='ocrx_word' id='word_1_78' title='bbox 1943 1573 1961 1602; x_wconf 87' lang='lat'><em>‚</em></span> <span class='ocrx_word' id='word_1_79' title='bbox 1997 1524 2106 1607; x_wconf 91' lang='lat' dir='ltr'>qui</span> <span class='ocrx_word' id='word_1_80' title='bbox 2136 1531 2417 1589; x_wconf 87' lang='lat' dir='ltr'>senatum</span> 
     </span>
     <span class='ocr_line' id='line_1_10' title="bbox 406 1643 2414 1729; baseline -0 -21"><span class='ocrx_word' id='word_1_81' title='bbox 406 1644 675 1709; x_wconf 87' lang='lat' dir='ltr'>instituit</span> <span class='ocrx_word' id='word_1_82' title='bbox 684 1671 703 1722; x_wconf 89' lang='lat'>;</span> <span class='ocrx_word' id='word_1_83' title='bbox 758 1644 1001 1721; x_wconf 79' lang='lat' dir='ltr'>tertiuS,</span> <span class='ocrx_word' id='word_1_84' title='bbox 1040 1644 1157 1727; x_wconf 88' lang='lat' dir='ltr'>qui</span> <span class='ocrx_word' id='word_1_85' title='bbox 1212 1643 1577 1729; x_wconf 80' lang='lat' dir='ltr'>ephororum</span> <span class='ocrx_word' id='word_1_86' title='bbox 1623 1644 2048 1727; x_wconf 86' lang='lat' dir='ltr'>magistratum</span> <span class='ocrx_word' id='word_1_87' title='bbox 2080 1644 2280 1727; x_wconf 83' lang='lat' dir='ltr'>regiae</span> <span class='ocrx_word' id='word_1_88' title='bbox 2311 1666 2414 1729; x_wconf 85' lang='lat' dir='ltr'>po-</span> 
     </span>
     <span class='ocr_line' id='line_1_11' title="bbox 406 1763 2419 1848; baseline 0 -21"><span class='ocrx_word' id='word_1_89' title='bbox 406 1764 615 1827; x_wconf 82' lang='lat' dir='ltr'>testati</span> <span class='ocrx_word' id='word_1_90' title='bbox 669 1763 905 1827; x_wconf 86' lang='lat' dir='ltr'>addidit</span> <span class='ocrx_word' id='word_1_91' title='bbox 967 1771 1257 1847; x_wconf 83' lang='lat' dir='ltr'>tanquam</span> <span class='ocrx_word' id='word_1_92' title='bbox 1302 1764 1561 1828; x_wconf 88' lang='lat' dir='ltr'>frenum.</span> <span class='ocrx_word' id='word_1_93' title='bbox 1631 1764 1842 1827; x_wconf 89' lang='lat' dir='ltr'>Alium</span> <span class='ocrx_word' id='word_1_94' title='bbox 1891 1786 2032 1848; x_wconf 92' lang='lat' dir='ltr'>ergo</span> <span class='ocrx_word' id='word_1_95' title='bbox 2078 1773 2182 1838; x_wconf 78' lang='grc' dir='ltr'>τῆς</span> <span class='ocrx_word' id='word_1_96' title='bbox 2228 1788 2419 1844; x_wconf 71' lang='grc' dir='ltr'><em>γερου-</em></span> 
     </span>
     <span class='ocr_line' id='line_1_12' title="bbox 408 1881 2418 1971; baseline -0.001 -23"><span class='ocrx_word' id='word_1_97' title='bbox 408 1885 573 1957; x_wconf 77' lang='grc' dir='ltr'><em>σίοις,</em></span> <span class='ocrx_word' id='word_1_98' title='bbox 622 1883 807 1971; x_wconf 81' lang='lat' dir='ltr'>alium</span> <span class='ocrx_word' id='word_1_99' title='bbox 853 1888 964 1947; x_wconf 81' lang='grc' dir='ltr'>τῶν</span> <span class='ocrx_word' id='word_1_100' title='bbox 1010 1882 1223 1963; x_wconf 78' lang='grc' dir='ltr'><em>ἐφόρων</em></span> <span class='ocrx_word' id='word_1_101' title='bbox 1254 1883 1572 1967; x_wconf 88' lang='lat' dir='ltr'>potestatis</span> <span class='ocrx_word' id='word_1_102' title='bbox 1612 1889 1914 1946; x_wconf 81' lang='lat' dir='ltr'>auctorem</span> <span class='ocrx_word' id='word_1_103' title='bbox 1947 1882 2110 1945; x_wconf 86' lang='lat' dir='ltr'>facit.</span> <span class='ocrx_word' id='word_1_104' title='bbox 2161 1881 2228 1945; x_wconf 88' lang='lat' dir='ltr'>Si</span> <span class='ocrx_word' id='word_1_105' title='bbox 2263 1904 2418 1945; x_wconf 91' lang='lat' dir='ltr'>mor-</span> 
     </span>
     <span class='ocr_line' id='line_1_13' title="bbox 409 1999 2412 2087; baseline -0.001 -22"><span class='ocrx_word' id='word_1_106' title='bbox 409 2002 546 2065; x_wconf 87' lang='lat' dir='ltr'>talis</span> <span class='ocrx_word' id='word_1_107' title='bbox 589 2002 695 2065; x_wconf 92' lang='lat' dir='ltr'>ille</span> <span class='ocrx_word' id='word_1_108' title='bbox 742 2001 945 2064; x_wconf 86' lang='lat' dir='ltr'>divino</span> <span class='ocrx_word' id='word_1_109' title='bbox 978 2001 1221 2084; x_wconf 89' lang='lat' dir='ltr'>ingenio</span> <span class='ocrx_word' id='word_1_110' title='bbox 1253 2000 1566 2087; x_wconf 88' lang='lat' dir='ltr'>praeditus</span> <span class='ocrx_word' id='word_1_111' title='bbox 1597 2000 1914 2086; x_wconf 85' lang='lat' dir='ltr'>Lycurgus</span> <span class='ocrx_word' id='word_1_112' title='bbox 1940 1999 2254 2064; x_wconf 90' lang='lat' dir='ltr'>habendus</span> <span class='ocrx_word' id='word_1_113' title='bbox 2288 2009 2412 2080; x_wconf 87' lang='lat' dir='ltr'>est,</span> 
     </span>
     <span class='ocr_line' id='line_1_14' title="bbox 410 2119 2412 2203; baseline 0 -20"><span class='ocrx_word' id='word_1_114' title='bbox 410 2120 517 2203; x_wconf 91' lang='lat' dir='ltr'>qui</span> <span class='ocrx_word' id='word_1_115' title='bbox 586 2119 801 2183; x_wconf 89' lang='lat' dir='ltr'>tertius</span> <span class='ocrx_word' id='word_1_116' title='bbox 848 2126 1215 2183; x_wconf 88' lang='lat' dir='ltr'>memoratur</span> <span class='ocrx_word' id='word_1_117' title='bbox 1261 2120 1335 2183; x_wconf 89' lang='lat' dir='ltr'>ab</span> <span class='ocrx_word' id='word_1_118' title='bbox 1380 2120 1486 2183; x_wconf 86' lang='lat' dir='ltr'>illo</span> <span class='ocrx_word' id='word_1_119' title='bbox 1534 2119 1806 2183; x_wconf 89' lang='lat' dir='ltr'>diversus</span> <span class='ocrx_word' id='word_1_120' title='bbox 1854 2126 1946 2183; x_wconf 87' lang='lat' dir='ltr'>est</span> <span class='ocrx_word' id='word_1_121' title='bbox 1992 2127 2052 2183; x_wconf 89' lang='lat' dir='ltr'>et</span> <span class='ocrx_word' id='word_1_122' title='bbox 2096 2120 2412 2184; x_wconf 85' lang='lat' dir='ltr'>recentior.</span> 
     </span>
     <span class='ocr_line' id='line_1_15' title="bbox 406 2236 2414 2323; baseline 0.001 -23"><span class='ocrx_word' id='word_1_123' title='bbox 406 2236 447 2300; x_wconf 82' lang='lat' dir='ltr'><strong>J</strong></span> <span class='ocrx_word' id='word_1_124' title='bbox 450 2260 557 2301; x_wconf 92' lang='lat' dir='ltr'>ure</span> <span class='ocrx_word' id='word_1_125' title='bbox 603 2236 888 2302; x_wconf 85' lang='lat' dir='ltr'>Salomon</span> <span class='ocrx_word' id='word_1_126' title='bbox 934 2240 1015 2323; x_wconf 92' lang='lat' dir='ltr'>(p.</span> <span class='ocrx_word' id='word_1_127' title='bbox 1066 2242 1147 2301; x_wconf 75' lang='lat'>20</span> <span class='ocrx_word' id='word_1_128' title='bbox 1197 2240 1310 2322; x_wconf 91' lang='lat' dir='ltr'>sq.)</span> <span class='ocrx_word' id='word_1_129' title='bbox 1356 2239 1499 2302; x_wconf 90' lang='lat' dir='ltr'>inde</span> <span class='ocrx_word' id='word_1_130' title='bbox 1548 2238 1814 2323; x_wconf 88' lang='lat' dir='ltr'>colligit,</span> <span class='ocrx_word' id='word_1_131' title='bbox 1865 2238 2182 2302; x_wconf 89' lang='lat' dir='ltr'>Platonem</span> <span class='ocrx_word' id='word_1_132' title='bbox 2233 2238 2414 2323; x_wconf 89' lang='lat' dir='ltr'>epho-</span> 
     </span>
     <span class='ocr_line' id='line_1_16' title="bbox 409 2342 2412 2442; baseline -0.001 -21"><span class='ocrx_word' id='word_1_133' title='bbox 409 2379 615 2434; x_wconf 88' lang='lat' dir='ltr'>rorum</span> <span class='ocrx_word' id='word_1_134' title='bbox 692 2365 999 2421; x_wconf 85' lang='lat' dir='ltr'>auctorem</span> <span class='ocrx_word' id='word_1_135' title='bbox 1060 2342 1427 2442; x_wconf 68' lang='lat' dir='ltr'>significasse</span> <span class='ocrx_word' id='word_1_136' title='bbox 1488 2357 1747 2422; x_wconf 90' lang='lat' dir='ltr'>eundem</span> <span class='ocrx_word' id='word_1_137' title='bbox 1809 2380 1991 2441; x_wconf 91' lang='lat' dir='ltr'>quem</span> <span class='ocrx_word' id='word_1_138' title='bbox 2051 2356 2412 2421; x_wconf 88' lang='lat' dir='ltr'>Aristoteles</span> 
     </span>
     <span class='ocr_line' id='line_1_17' title="bbox 408 2475 2412 2561; baseline -0 -21"><span class='ocrx_word' id='word_1_139' title='bbox 408 2477 682 2540; x_wconf 91' lang='lat' dir='ltr'>nominat</span> <span class='ocrx_word' id='word_1_140' title='bbox 720 2476 901 2541; x_wconf 91' lang='lat' dir='ltr'>Polit.</span> <span class='ocrx_word' id='word_1_141' title='bbox 944 2475 1023 2555; x_wconf 85' lang='lat' dir='ltr'>V,</span> <span class='ocrx_word' id='word_1_142' title='bbox 1076 2478 1153 2540; x_wconf 95' lang='grc'>11</span> <span class='ocrx_word' id='word_1_143' title='bbox 1174 2526 1191 2554; x_wconf 86' lang='grc'><em>,</em></span> <span class='ocrx_word' id='word_1_144' title='bbox 1233 2499 1433 2561; x_wconf 91' lang='lat' dir='ltr'>regem</span> <span class='ocrx_word' id='word_1_145' title='bbox 1471 2476 1951 2561; x_wconf 87' lang='lat' dir='ltr'>Theopompum.</span> <span class='ocrx_word' id='word_1_146' title='bbox 2016 2476 2092 2539; x_wconf 91' lang='lat' dir='ltr'>Id</span> <span class='ocrx_word' id='word_1_147' title='bbox 2132 2484 2412 2541; x_wconf 89' lang='lat' dir='ltr'>nostrum</span> 
     </span>
     <span class='ocr_line' id='line_1_18' title="bbox 372 2595 2412 2679; baseline -0 -19"><span class='ocrx_word' id='word_1_148' title='bbox 372 2595 601 2679; x_wconf 77' lang='lat' dir='ltr'>,fugit,</span> <span class='ocrx_word' id='word_1_149' title='bbox 663 2595 922 2679; x_wconf 91' lang='lat' dir='ltr'>ideoque</span> <span class='ocrx_word' id='word_1_150' title='bbox 982 2602 1225 2659; x_wconf 90' lang='lat' dir='ltr'>secutus</span> <span class='ocrx_word' id='word_1_151' title='bbox 1288 2602 1378 2659; x_wconf 91' lang='lat' dir='ltr'>est</span> <span class='ocrx_word' id='word_1_152' title='bbox 1435 2595 1747 2679; x_wconf 86' lang='lat' dir='ltr'>vulgarem</span> <span class='ocrx_word' id='word_1_153' title='bbox 1809 2595 2152 2679; x_wconf 87' lang='lat' dir='ltr'>opinionem</span> <span class='ocrx_word' id='word_1_154' title='bbox 2172 2645 2190 2673; x_wconf 91' lang='lat'><em>,</em></span> <span class='ocrx_word' id='word_1_155' title='bbox 2258 2612 2412 2679; x_wconf 85' lang='lat' dir='ltr'>quae</span> 
     </span>
    </p>
   </div>
   <div class='ocr_carea' id='block_1_3' title="bbox 406 2713 2415 2916">
    <p class='ocr_par' dir='ltr' id='par_1_3' title="bbox 406 2713 2415 2916">
     <span class='ocr_line' id='line_1_19' title="bbox 406 2713 2415 2799; baseline 0 -22"><span class='ocrx_word' id='word_1_156' title='bbox 406 2714 723 2798; x_wconf 88' lang='lat' dir='ltr'>utriusque</span> <span class='ocrx_word' id='word_1_157' title='bbox 766 2714 1157 2799; x_wconf 85' lang='lat' dir='ltr'>magistratus</span> <span class='ocrx_word' id='word_1_158' title='bbox 1202 2714 1647 2778; x_wconf 89' lang='lat' dir='ltr'>institutionem</span> <span class='ocrx_word' id='word_1_159' title='bbox 1691 2714 1973 2799; x_wconf 87' lang='lat' dir='ltr'>Lycurgo</span> <span class='ocrx_word' id='word_1_160' title='bbox 2003 2713 2242 2778; x_wconf 89' lang='lat' dir='ltr'>tribuit.</span> <span class='ocrx_word' id='word_1_161' title='bbox 2292 2713 2415 2777; x_wconf 91' lang='lat' dir='ltr'>He-</span> 
     </span>
     <span class='ocr_line' id='line_1_20' title="bbox 407 2831 888 2916; baseline -0.002 -19"><span class='ocrx_word' id='word_1_162' title='bbox 407 2831 539 2897; x_wconf 91' lang='lat' dir='ltr'>rod.</span> <span class='ocrx_word' id='word_1_163' title='bbox 587 2832 655 2911; x_wconf 90' lang='lat' dir='ltr'>I,</span> <span class='ocrx_word' id='word_1_164' title='bbox 708 2833 888 2916; x_wconf 86' lang='lat'>65.1)</span> 
     </span>
    </p>
   </div>
   <div class='ocr_carea' id='block_1_4' title="bbox 408 3067 2416 3510">
    <p class='ocr_par' dir='ltr' id='par_1_4' title="bbox 408 3067 2416 3510">
     <span class='ocr_line' id='line_1_21' title="bbox 498 3067 2413 3154; baseline 0.001 -21"><span class='ocrx_word' id='word_1_165' title='bbox 498 3067 575 3133; x_wconf 92' lang='lat' dir='ltr'>In</span> <span class='ocrx_word' id='word_1_166' title='bbox 621 3069 832 3133; x_wconf 87' lang='lat' dir='ltr'>ceteris</span> <span class='ocrx_word' id='word_1_167' title='bbox 878 3090 1123 3153; x_wconf 89' lang='lat' dir='ltr'>quoque</span> <span class='ocrx_word' id='word_1_168' title='bbox 1169 3069 1439 3153; x_wconf 90' lang='lat' dir='ltr'>epistolis</span> <span class='ocrx_word' id='word_1_169' title='bbox 1485 3070 1708 3154; x_wconf 86' lang='lat' dir='ltr'>passim</span> <span class='ocrx_word' id='word_1_170' title='bbox 1746 3076 2074 3134; x_wconf 84' lang='lat' dir='ltr'>occurrunt</span> <span class='ocrx_word' id='word_1_171' title='bbox 2117 3070 2413 3154; x_wconf 89' lang='lat' dir='ltr'>quaedam</span> 
     </span>
     <span class='ocr_line' id='line_1_22' title="bbox 408 3185 2414 3272; baseline 0.001 -23"><span class='ocrx_word' id='word_1_172' title='bbox 408 3187 529 3250; x_wconf 89' lang='lat' dir='ltr'>fide</span> <span class='ocrx_word' id='word_1_173' title='bbox 572 3187 826 3271; x_wconf 89' lang='lat' dir='ltr'>indigna</span> <span class='ocrx_word' id='word_1_174' title='bbox 871 3194 930 3250; x_wconf 90' lang='lat' dir='ltr'>et</span> <span class='ocrx_word' id='word_1_175' title='bbox 975 3187 1279 3271; x_wconf 89' lang='lat' dir='ltr'>figmentis</span> <span class='ocrx_word' id='word_1_176' title='bbox 1312 3187 1549 3271; x_wconf 78' lang='lat' dir='ltr'>similia.</span> <span class='ocrx_word' id='word_1_177' title='bbox 1609 3185 1798 3251; x_wconf 85' lang='lat' dir='ltr'>Velut</span> <span class='ocrx_word' id='word_1_178' title='bbox 1828 3186 2107 3272; x_wconf 83' lang='lat' dir='ltr'>Epistola</span> <span class='ocrx_word' id='word_1_179' title='bbox 2146 3187 2217 3251; x_wconf 87' lang='lat' dir='ltr'>II</span> <span class='ocrx_word' id='word_1_180' title='bbox 2246 3189 2414 3252; x_wconf 90' lang='lat' dir='ltr'>utin</span> 
     </span>
     <span class='ocr_line' id='line_1_23' title="bbox 410 3304 2411 3385; baseline 0 -17"><span class='ocrx_word' id='word_1_181' title='bbox 410 3305 607 3368; x_wconf 88' lang='lat' dir='ltr'>verbis</span> <span class='ocrx_word' id='word_1_182' title='bbox 653 3313 714 3369; x_wconf 90' lang='lat' dir='ltr'>et</span> <span class='ocrx_word' id='word_1_183' title='bbox 758 3306 1073 3369; x_wconf 89' lang='lat' dir='ltr'>sententiis</span> <span class='ocrx_word' id='word_1_184' title='bbox 1119 3306 1314 3370; x_wconf 86' lang='lat' dir='ltr'>multa</span> <span class='ocrx_word' id='word_1_185' title='bbox 1351 3304 1536 3369; x_wconf 85' lang='lat' dir='ltr'>habet</span> <span class='ocrx_word' id='word_1_186' title='bbox 1576 3328 1612 3369; x_wconf 92' lang='lat' dir='ltr'>a</span> <span class='ocrx_word' id='word_1_187' title='bbox 1651 3304 1906 3370; x_wconf 87' lang='lat' dir='ltr'>Platone</span> <span class='ocrx_word' id='word_1_188' title='bbox 1953 3306 2182 3385; x_wconf 88' lang='lat' dir='ltr'>aliena,</span> <span class='ocrx_word' id='word_1_189' title='bbox 2233 3306 2411 3369; x_wconf 88' lang='lat' dir='ltr'>etiam</span> 
     </span>
     <span class='ocr_line' id='line_1_24' title="bbox 409 3423 2416 3510; baseline 0 -23"><span class='ocrx_word' id='word_1_190' title='bbox 409 3446 535 3487; x_wconf 85' lang='lat' dir='ltr'>rem</span> <span class='ocrx_word' id='word_1_191' title='bbox 595 3430 887 3488; x_wconf 88' lang='lat' dir='ltr'>memorat</span> <span class='ocrx_word' id='word_1_192' title='bbox 947 3446 1160 3510; x_wconf 90' lang='lat' dir='ltr'>parum</span> <span class='ocrx_word' id='word_1_193' title='bbox 1224 3423 1617 3509; x_wconf 88' lang='lat' dir='ltr'>probabilem.</span> <span class='ocrx_word' id='word_1_194' title='bbox 1709 3423 1787 3489; x_wconf 90' lang='lat' dir='ltr'>In</span> <span class='ocrx_word' id='word_1_195' title='bbox 1859 3432 2125 3488; x_wconf 85' lang='lat' dir='ltr'>extrema</span> <span class='ocrx_word' id='word_1_196' title='bbox 2193 3424 2416 3508; x_wconf 88' lang='lat' dir='ltr'>pagina</span> 
     </span>
    </p>
   </div>
   <div class='ocr_carea' id='block_1_5' title="bbox 304 3541 2416 3628">
    <p class='ocr_par' dir='ltr' id='par_1_5' title="bbox 304 3541 2416 3628">
     <span class='ocr_line' id='line_1_25' title="bbox 304 3541 2416 3628; baseline -0 -21"><span class='ocrx_word' id='word_1_197' title='bbox 304 3546 307 3549; x_wconf 75' lang='grc'><strong>’</strong></span> <span class='ocrx_word' id='word_1_198' title='bbox 412 3543 493 3627; x_wconf 90' lang='lat' dir='ltr'>(p.</span> <span class='ocrx_word' id='word_1_199' title='bbox 551 3544 679 3605; x_wconf 75' lang='lat'>314</span> <span class='ocrx_word' id='word_1_200' title='bbox 734 3542 807 3627; x_wconf 85' lang='lat' dir='ltr'>E)</span> <span class='ocrx_word' id='word_1_201' title='bbox 854 3542 1031 3606; x_wconf 88' lang='lat' dir='ltr'>Plato</span> <span class='ocrx_word' id='word_1_202' title='bbox 1078 3542 1371 3627; x_wconf 82' lang='lat' dir='ltr'>Dionysio</span> <span class='ocrx_word' id='word_1_203' title='bbox 1408 3541 1660 3607; x_wconf 85' lang='lat' dir='ltr'>scribit:</span> <span class='ocrx_word' id='word_1_204' title='bbox 1707 3542 2092 3628; x_wconf 82' lang='lat' dir='ltr'>„Speusippo</span> <span class='ocrx_word' id='word_1_205' title='bbox 2143 3550 2310 3607; x_wconf 82' lang='lat' dir='ltr'>utere</span> <span class='ocrx_word' id='word_1_206' title='bbox 2355 3550 2416 3606; x_wconf 89' lang='lat' dir='ltr'>et</span> 
     </span>
    </p>
   </div>
   <div class='ocr_carea' id='block_1_6' title="bbox 411 3658 2418 3863">
    <p class='ocr_par' dir='ltr' id='par_1_6' title="bbox 411 3658 2418 3863">
     <span class='ocr_line' id='line_1_26' title="bbox 415 3658 2418 3745; baseline -0 -22"><span class='ocrx_word' id='word_1_207' title='bbox 415 3658 659 3743; x_wconf 91' lang='lat' dir='ltr'>[deinde</span> <span class='ocrx_word' id='word_1_208' title='bbox 720 3682 857 3723; x_wconf 88' lang='lat' dir='ltr'>eum</span> <span class='ocrx_word' id='word_1_209' title='bbox 920 3658 996 3722; x_wconf 87' lang='lat' dir='ltr'>ad</span> <span class='ocrx_word' id='word_1_210' title='bbox 1057 3661 1197 3743; x_wconf 90' lang='lat' dir='ltr'>nos]</span> <span class='ocrx_word' id='word_1_211' title='bbox 1260 3660 1563 3724; x_wconf 85' lang='lat' dir='ltr'>remitte.’&#39;</span> <span class='ocrx_word' id='word_1_212' title='bbox 1653 3663 1738 3725; x_wconf 90' lang='lat' dir='ltr'>At</span> <span class='ocrx_word' id='word_1_213' title='bbox 1798 3661 1921 3724; x_wconf 85' lang='lat' dir='ltr'>sive</span> <span class='ocrx_word' id='word_1_214' title='bbox 1967 3660 2116 3725; x_wconf 86' lang='lat' dir='ltr'>haec</span> <span class='ocrx_word' id='word_1_215' title='bbox 2163 3660 2418 3745; x_wconf 90' lang='lat' dir='ltr'>epistola</span> 
     </span>
     <span class='ocr_line' id='line_1_27' title="bbox 411 3778 2418 3863; baseline 0 -23"><span class='ocrx_word' id='word_1_216' title='bbox 411 3784 550 3863; x_wconf 90' lang='lat' dir='ltr'>post</span> <span class='ocrx_word' id='word_1_217' title='bbox 608 3778 855 3841; x_wconf 88' lang='lat' dir='ltr'>alteram</span> <span class='ocrx_word' id='word_1_218' title='bbox 910 3778 1035 3841; x_wconf 88' lang='lat' dir='ltr'>sive</span> <span class='ocrx_word' id='word_1_219' title='bbox 1079 3784 1218 3862; x_wconf 90' lang='lat' dir='ltr'>post</span> <span class='ocrx_word' id='word_1_220' title='bbox 1262 3779 1505 3842; x_wconf 85' lang='lat' dir='ltr'>tertiam</span> <span class='ocrx_word' id='word_1_221' title='bbox 1552 3778 1983 3863; x_wconf 86' lang='lat' dir='ltr'>profectionem</span> <span class='ocrx_word' id='word_1_222' title='bbox 2028 3778 2253 3863; x_wconf 89' lang='lat' dir='ltr'>scripta</span> <span class='ocrx_word' id='word_1_223' title='bbox 2296 3800 2418 3841; x_wconf 88' lang='lat' dir='ltr'>cre-</span> 
     </span>
    </p>
   </div>
   <div class='ocr_carea' id='block_1_7' title="bbox 417 3932 796 3941">
    <p class='ocr_par' dir='ltr' id='par_1_7' title="bbox 417 3932 796 3941">
     <span class='ocr_line' id='line_1_28' title="bbox 417 3932 796 3941; baseline 0 1143"><span class='ocrx_word' id='word_1_224' title='bbox 417 3932 796 3941; x_wconf 95' lang='lat' dir='ltr'> </span> 
     </span>
    </p>
   </div>
   <div class='ocr_carea' id='block_1_8' title="bbox 410 3991 2416 4345">
    <p class='ocr_par' dir='ltr' id='par_1_8' title="bbox 410 3991 2416 4345">
     <span class='ocr_line' id='line_1_29' title="bbox 478 3991 2415 4058; baseline -0.001 -17"><span class='ocrx_word' id='word_1_225' title='bbox 478 3992 523 4054; x_wconf 83' lang='grc'>1)</span> <span class='ocrx_word' id='word_1_226' title='bbox 559 3992 823 4043; x_wconf 82' lang='lat' dir='ltr'>Salomonis</span> <span class='ocrx_word' id='word_1_227' title='bbox 845 3999 1124 4058; x_wconf 80' lang='lat' dir='ltr'>argumenta</span> <span class='ocrx_word' id='word_1_228' title='bbox 1151 3994 1405 4057; x_wconf 82' lang='lat' dir='ltr'>speciosius</span> <span class='ocrx_word' id='word_1_229' title='bbox 1440 4010 1584 4057; x_wconf 82' lang='lat' dir='ltr'>quam</span> <span class='ocrx_word' id='word_1_230' title='bbox 1616 3994 1773 4042; x_wconf 88' lang='lat' dir='ltr'>verius</span> <span class='ocrx_word' id='word_1_231' title='bbox 1809 3993 2024 4042; x_wconf 88' lang='lat' dir='ltr'>refellere</span> <span class='ocrx_word' id='word_1_232' title='bbox 2055 3992 2268 4041; x_wconf 78' lang='lat' dir='ltr'>instituit</span> <span class='ocrx_word' id='word_1_233' title='bbox 2293 3991 2415 4039; x_wconf 84' lang='lat' dir='ltr'>Her-</span> 
     </span>
     <span class='ocr_line' id='line_1_30' title="bbox 411 4085 2415 4153; baseline -0.001 -17"><span class='ocrx_word' id='word_1_234' title='bbox 411 4104 609 4137; x_wconf 79' lang='lat' dir='ltr'>mannus</span> <span class='ocrx_word' id='word_1_235' title='bbox 642 4089 690 4137; x_wconf 89' lang='lat' dir='ltr'>in</span> <span class='ocrx_word' id='word_1_236' title='bbox 726 4089 952 4139; x_wconf 78' lang='lat' dir='ltr'>zeitschr.</span> <span class='ocrx_word' id='word_1_237' title='bbox 988 4090 1023 4139; x_wconf 89' lang='lat' dir='ltr'>f.</span> <span class='ocrx_word' id='word_1_238' title='bbox 1058 4089 1311 4139; x_wconf 86' lang='lat' dir='ltr'>Alterthw.</span> <span class='ocrx_word' id='word_1_239' title='bbox 1350 4090 1494 4149; x_wconf 81' lang='lat'><strong>1837,</strong></span> <span class='ocrx_word' id='word_1_240' title='bbox 1532 4106 1580 4153; x_wconf 91' lang='lat' dir='ltr'>p.</span> <span class='ocrx_word' id='word_1_241' title='bbox 1618 4088 1728 4141; x_wconf 81' lang='lat'>277.</span> <span class='ocrx_word' id='word_1_242' title='bbox 1799 4088 2127 4152; x_wconf 80' lang='lat' dir='ltr'>Diserepantia</span> <span class='ocrx_word' id='word_1_243' title='bbox 2160 4087 2287 4136; x_wconf 89' lang='lat' dir='ltr'>inter</span> <span class='ocrx_word' id='word_1_244' title='bbox 2308 4085 2415 4135; x_wconf 88' lang='lat' dir='ltr'>Pla-</span> 
     </span>
     <span class='ocr_line' id='line_1_31' title="bbox 410 4183 2416 4249; baseline -0.001 -17"><span class='ocrx_word' id='word_1_245' title='bbox 410 4184 537 4233; x_wconf 79' lang='lat' dir='ltr'>tonis</span> <span class='ocrx_word' id='word_1_246' title='bbox 568 4185 727 4235; x_wconf 86' lang='lat' dir='ltr'>locum</span> <span class='ocrx_word' id='word_1_247' title='bbox 762 4189 811 4235; x_wconf 82' lang='lat' dir='ltr'>et</span> <span class='ocrx_word' id='word_1_248' title='bbox 842 4185 1107 4249; x_wconf 82' lang='lat' dir='ltr'>Epistolam</span> <span class='ocrx_word' id='word_1_249' title='bbox 1136 4186 1237 4249; x_wconf 85' lang='lat' dir='ltr'>jam</span> <span class='ocrx_word' id='word_1_250' title='bbox 1276 4202 1368 4233; x_wconf 85' lang='lat' dir='ltr'>non</span> <span class='ocrx_word' id='word_1_251' title='bbox 1406 4186 1592 4249; x_wconf 82' lang='lat' dir='ltr'>fugerat</span> <span class='ocrx_word' id='word_1_252' title='bbox 1621 4186 1835 4243; x_wconf 90' lang='lat' dir='ltr'>Astium‚</span> <span class='ocrx_word' id='word_1_253' title='bbox 1860 4184 2109 4234; x_wconf 84' lang='lat' dir='ltr'>Animadv.</span> <span class='ocrx_word' id='word_1_254' title='bbox 2134 4183 2182 4232; x_wconf 91' lang='lat' dir='ltr'>in</span> <span class='ocrx_word' id='word_1_255' title='bbox 2210 4183 2333 4232; x_wconf 90' lang='lat' dir='ltr'>Plat.</span> <span class='ocrx_word' id='word_1_256' title='bbox 2358 4183 2416 4230; x_wconf 88' lang='lat' dir='ltr'>de</span> 
     </span>
     <span class='ocr_line' id='line_1_32' title="bbox 410 4280 781 4345; baseline 0.003 -16"><span class='ocrx_word' id='word_1_257' title='bbox 410 4280 553 4345; x_wconf 82' lang='lat' dir='ltr'>Legg.</span> <span class='ocrx_word' id='word_1_258' title='bbox 586 4297 634 4345; x_wconf 85' lang='lat' dir='ltr'>p.</span> <span class='ocrx_word' id='word_1_259' title='bbox 671 4280 781 4339; x_wconf 79' lang='lat'>174,</span> 
     </span>
    </p>
   </div>
   <div class='ocr_carea' id='block_1_9' title="bbox 2107 4379 2180 4435">
    <p class='ocr_par' dir='ltr' id='par_1_9' title="bbox 2107 4379 2180 4435">
     <span class='ocr_line' id='line_1_33' title="bbox 2107 4379 2180 4435; baseline -0.014 0"><span class='ocrx_word' id='word_1_260' title='bbox 2107 4379 2180 4435; x_wconf 92' lang='grc'>11</span> 
     </span>
    </p>
   </div>
  </div>
 </body>
</html>
