<?xml version="1.0" encoding="UTF-8"?>
<!DOCTYPE html PUBLIC "-//W3C//DTD XHTML 1.0 Transitional//EN"
    "http://www.w3.org/TR/xhtml1/DTD/xhtml1-transitional.dtd">
<html xmlns="http://www.w3.org/1999/xhtml" xml:lang="en" lang="en">
 <head>
  <title>
</title>
<meta http-equiv="Content-Type" content="text/html;charset=utf-8" />
  <meta name='ocr-system' content='tesseract 3.04.00' />
  <meta name='ocr-capabilities' content='ocr_page ocr_carea ocr_par ocr_line ocrx_word'/>
</head>
<body>
  <div class='ocr_page' id='page_1' title='image "./commentatiocrit01karsgoog_0129.png"; bbox 0 0 3092 5084; ppageno 0'>
   <div class='ocr_carea' id='block_1_1' title="bbox 1154 1464 1710 1561">
    <p class='ocr_par' dir='ltr' id='par_1_1' title="bbox 1154 1464 1710 1561">
     <span class='ocr_line' id='line_1_1' title="bbox 1154 1464 1710 1561; baseline 0.002 -1"><span class='ocrx_word' id='word_1_1' title='bbox 1154 1466 1543 1561; x_wconf 81' lang='lat' dir='ltr'><strong>CAPUT</strong></span> <span class='ocrx_word' id='word_1_2' title='bbox 1632 1464 1710 1561; x_wconf 90' lang='lat' dir='ltr'>V.</span> 
     </span>
    </p>
   </div>
   <div class='ocr_carea' id='block_1_2' title="bbox 1012 1776 1844 1821">
    <p class='ocr_par' dir='ltr' id='par_1_2' title="bbox 1012 1776 1844 1821">
     <span class='ocr_line' id='line_1_2' title="bbox 1012 1776 1844 1821; baseline 0.001 -2"><span class='ocrx_word' id='word_1_3' title='bbox 1012 1777 1115 1819; x_wconf 75' lang='lat' dir='ltr'>DE</span> <span class='ocrx_word' id='word_1_4' title='bbox 1185 1776 1634 1821; x_wconf 77' lang='lat' dir='ltr'><strong>EPISTOLA</strong></span> <span class='ocrx_word' id='word_1_5' title='bbox 1708 1776 1844 1820; x_wconf 85' lang='lat' dir='ltr'><strong>VIII.</strong></span> 
     </span>
    </p>
   </div>
   <div class='ocr_carea' id='block_1_3' title="bbox 1212 2092 1637 2135">
    <p class='ocr_par' dir='ltr' id='par_1_3' title="bbox 1212 2092 1637 2135">
     <span class='ocr_line' id='line_1_3' title="bbox 1212 2092 1637 2135; baseline 0 -18"><span class='ocrx_word' id='word_1_6' title='bbox 1212 2092 1637 2135; x_wconf 33' lang='lat' dir='ltr'>&amp;moe—-</span> 
     </span>
    </p>
   </div>
   <div class='ocr_carea' id='block_1_4' title="bbox 409 2378 2439 4373">
    <p class='ocr_par' dir='ltr' id='par_1_4' title="bbox 409 2378 2439 3294">
     <span class='ocr_line' id='line_1_4' title="bbox 509 2378 2439 2465; baseline 0.001 -21"><span class='ocrx_word' id='word_1_7' title='bbox 509 2380 744 2465; x_wconf 85' lang='lat' dir='ltr'>Scripta</span> <span class='ocrx_word' id='word_1_8' title='bbox 796 2380 1047 2465; x_wconf 84' lang='lat' dir='ltr'>fingitur</span> <span class='ocrx_word' id='word_1_9' title='bbox 1092 2378 1239 2443; x_wconf 88' lang='lat' dir='ltr'>haec</span> <span class='ocrx_word' id='word_1_10' title='bbox 1286 2379 1541 2464; x_wconf 86' lang='lat' dir='ltr'>epistola</span> <span class='ocrx_word' id='word_1_11' title='bbox 1587 2403 1622 2443; x_wconf 88' lang='lat' dir='ltr'>a</span> <span class='ocrx_word' id='word_1_12' title='bbox 1667 2379 1922 2445; x_wconf 86' lang='lat' dir='ltr'>Platone</span> <span class='ocrx_word' id='word_1_13' title='bbox 1969 2381 2046 2445; x_wconf 90' lang='lat' dir='ltr'>ad</span> <span class='ocrx_word' id='word_1_14' title='bbox 2092 2381 2308 2446; x_wconf 90' lang='lat' dir='ltr'>Dionis</span> <span class='ocrx_word' id='word_1_15' title='bbox 2355 2382 2439 2446; x_wconf 85' lang='lat' dir='ltr'>fa·</span> 
     </span>
     <span class='ocr_line' id='line_1_5' title="bbox 412 2498 2439 2585; baseline 0.001 -22"><span class='ocrx_word' id='word_1_16' title='bbox 412 2499 679 2563; x_wconf 85' lang='lat' dir='ltr'>miliares</span> <span class='ocrx_word' id='word_1_17' title='bbox 726 2505 787 2563; x_wconf 89' lang='lat' dir='ltr'>et</span> <span class='ocrx_word' id='word_1_18' title='bbox 830 2499 1049 2576; x_wconf 88' lang='lat' dir='ltr'>socios,</span> <span class='ocrx_word' id='word_1_19' title='bbox 1099 2520 1221 2581; x_wconf 92' lang='lat' dir='ltr'>quo</span> <span class='ocrx_word' id='word_1_20' title='bbox 1267 2505 1537 2584; x_wconf 90' lang='lat' dir='ltr'>tempore</span> <span class='ocrx_word' id='word_1_21' title='bbox 1583 2498 1956 2585; x_wconf 86' lang='lat' dir='ltr'>Hipparinus</span> <span class='ocrx_word' id='word_1_22' title='bbox 1967 2549 1986 2578; x_wconf 89' lang='lat'><em>‚</em></span> <span class='ocrx_word' id='word_1_23' title='bbox 2019 2500 2262 2566; x_wconf 85' lang='lat' dir='ltr'>maioris</span> <span class='ocrx_word' id='word_1_24' title='bbox 2292 2501 2439 2565; x_wconf 90' lang='lat' dir='ltr'>Dio-</span> 
     </span>
     <span class='ocr_line' id='line_1_6' title="bbox 411 2616 2435 2705; baseline 0.001 -23"><span class='ocrx_word' id='word_1_25' title='bbox 411 2619 574 2704; x_wconf 85' lang='lat' dir='ltr'>nysii</span> <span class='ocrx_word' id='word_1_26' title='bbox 617 2618 779 2682; x_wconf 89' lang='lat' dir='ltr'>filius</span> <span class='ocrx_word' id='word_1_27' title='bbox 796 2667 813 2695; x_wconf 94' lang='lat'><strong><em>,</em></strong></span> <span class='ocrx_word' id='word_1_28' title='bbox 864 2618 1115 2705; x_wconf 85' lang='lat' dir='ltr'>expulso</span> <span class='ocrx_word' id='word_1_29' title='bbox 1162 2616 1473 2703; x_wconf 79' lang='lat' dir='ltr'>Callippo,</span> <span class='ocrx_word' id='word_1_30' title='bbox 1503 2616 1829 2702; x_wconf 81' lang='lat' dir='ltr'>Syracusas</span> <span class='ocrx_word' id='word_1_31' title='bbox 1852 2627 2280 2703; x_wconf 86' lang='lat' dir='ltr'>occupaverat,</span> <span class='ocrx_word' id='word_1_32' title='bbox 2307 2620 2347 2683; x_wconf 91' lang='lat' dir='ltr'>i.</span> <span class='ocrx_word' id='word_1_33' title='bbox 2381 2644 2435 2685; x_wconf 85' lang='lat' dir='ltr'>e.</span> 
     </span>
     <span class='ocr_line' id='line_1_7' title="bbox 412 2736 2437 2823; baseline 0 -22"><span class='ocrx_word' id='word_1_34' title='bbox 412 2761 466 2802; x_wconf 88' lang='lat' dir='ltr'>a.</span> <span class='ocrx_word' id='word_1_35' title='bbox 533 2761 585 2801; x_wconf 86' lang='lat' dir='ltr'>a.</span> <span class='ocrx_word' id='word_1_36' title='bbox 650 2736 718 2801; x_wconf 82' lang='lat' dir='ltr'>G.</span> <span class='ocrx_word' id='word_1_37' title='bbox 782 2740 909 2801; x_wconf 83' lang='lat'>353</span> <span class='ocrx_word' id='word_1_38' title='bbox 973 2737 1302 2821; x_wconf 87' lang='lat' dir='ltr'>(Diodorus</span> <span class='ocrx_word' id='word_1_39' title='bbox 1362 2738 1404 2801; x_wconf 90' lang='lat' dir='ltr'>l.</span> <span class='ocrx_word' id='word_1_40' title='bbox 1469 2736 1656 2815; x_wconf 84' lang='lat' dir='ltr'><strong>XVI,</strong></span> <span class='ocrx_word' id='word_1_41' title='bbox 1720 2759 1771 2801; x_wconf 88' lang='lat' dir='ltr'>c.</span> <span class='ocrx_word' id='word_1_42' title='bbox 1838 2740 1982 2822; x_wconf 83' lang='lat'>36);</span> <span class='ocrx_word' id='word_1_43' title='bbox 2046 2737 2210 2821; x_wconf 89' lang='lat' dir='ltr'>quod</span> <span class='ocrx_word' id='word_1_44' title='bbox 2258 2761 2437 2823; x_wconf 91' lang='lat' dir='ltr'>appa-</span> 
     </span>
     <span class='ocr_line' id='line_1_8' title="bbox 410 2856 2437 2944; baseline 0 -22"><span class='ocrx_word' id='word_1_45' title='bbox 410 2864 507 2923; x_wconf 86' lang='lat' dir='ltr'>ret</span> <span class='ocrx_word' id='word_1_46' title='bbox 553 2880 625 2921; x_wconf 78' lang='lat' dir='ltr'>ex</span> <span class='ocrx_word' id='word_1_47' title='bbox 668 2857 959 2944; x_wconf 86' lang='lat' dir='ltr'>epistolae</span> <span class='ocrx_word' id='word_1_48' title='bbox 1005 2856 1201 2921; x_wconf 87' lang='lat' dir='ltr'>verbis</span> <span class='ocrx_word' id='word_1_49' title='bbox 1247 2880 1306 2941; x_wconf 89' lang='lat' dir='ltr'>p.</span> <span class='ocrx_word' id='word_1_50' title='bbox 1356 2859 1485 2920; x_wconf 84' lang='lat'>356</span> <span class='ocrx_word' id='word_1_51' title='bbox 1544 2858 1636 2935; x_wconf 88' lang='lat' dir='ltr'>A,</span> <span class='ocrx_word' id='word_1_52' title='bbox 1685 2857 1792 2921; x_wconf 94' lang='lat' dir='ltr'>ubi</span> <span class='ocrx_word' id='word_1_53' title='bbox 1823 2857 1990 2921; x_wconf 91' lang='lat' dir='ltr'>hunc</span> <span class='ocrx_word' id='word_1_54' title='bbox 2022 2857 2437 2942; x_wconf 84' lang='lat' dir='ltr'>Hipparinum</span> 
     </span>
     <span class='ocr_line' id='line_1_9' title="bbox 409 2975 2432 3062; baseline -0 -21"><span class='ocrx_word' id='word_1_55' title='bbox 409 2976 625 3041; x_wconf 89' lang='lat' dir='ltr'>laudat</span> <span class='ocrx_word' id='word_1_56' title='bbox 667 2983 914 3062; x_wconf 88' lang='lat' dir='ltr'>propter</span> <span class='ocrx_word' id='word_1_57' title='bbox 958 2975 1247 3040; x_wconf 88' lang='lat' dir='ltr'>beneficia</span> <span class='ocrx_word' id='word_1_58' title='bbox 1290 2997 1446 3059; x_wconf 87' lang='lat' dir='ltr'>quae</span> <span class='ocrx_word' id='word_1_59' title='bbox 1491 2998 1685 3061; x_wconf 84' lang='lat' dir='ltr'>nuper</span> <span class='ocrx_word' id='word_1_60' title='bbox 1731 2976 1960 3040; x_wconf 87' lang='lat' dir='ltr'>civitati</span> <span class='ocrx_word' id='word_1_61' title='bbox 2005 2976 2432 3061; x_wconf 79' lang='lat' dir='ltr'>praestitisset:</span> 
     </span>
     <span class='ocr_line' id='line_1_10' title="bbox 410 3092 2433 3179; baseline 0 -20"><span class='ocrx_word' id='word_1_62' title='bbox 410 3096 585 3176; x_wconf 73' lang='grc' dir='ltr'><strong><em>χάριν</em></strong></span> <span class='ocrx_word' id='word_1_63' title='bbox 644 3103 747 3169; x_wconf 73' lang='grc' dir='ltr'>τῆς</span> <span class='ocrx_word' id='word_1_64' title='bbox 809 3118 878 3159; x_wconf 77' lang='grc' dir='ltr'>τε</span> <span class='ocrx_word' id='word_1_65' title='bbox 936 3094 1003 3168; x_wconf 67' lang='grc' dir='ltr'>δὴ</span> <span class='ocrx_word' id='word_1_66' title='bbox 1064 3098 1157 3158; x_wconf 79' lang='grc' dir='ltr'>νῦν</span> <span class='ocrx_word' id='word_1_67' title='bbox 1219 3094 1485 3171; x_wconf 73' lang='grc' dir='ltr'>βοηθείας</span> <span class='ocrx_word' id='word_1_68' title='bbox 1542 3093 1641 3158; x_wconf 69' lang='grc' dir='ltr'>καὶ</span> <span class='ocrx_word' id='word_1_69' title='bbox 1690 3096 1834 3179; x_wconf 77' lang='grc' dir='ltr'>(τοῦ)</span> <span class='ocrx_word' id='word_1_70' title='bbox 1881 3092 2029 3159; x_wconf 77' lang='grc' dir='ltr'><em>ὁσίου</em></span> <span class='ocrx_word' id='word_1_71' title='bbox 2074 3092 2282 3175; x_wconf 79' lang='grc' dir='ltr'>τρόπου</span> <span class='ocrx_word' id='word_1_72' title='bbox 2307 3147 2326 3170; x_wconf 95' lang='grc'>,</span> <span class='ocrx_word' id='word_1_73' title='bbox 2374 3093 2433 3167; x_wconf 76' lang='grc' dir='ltr'>ὃς</span> 
     </span>
     <span class='ocr_line' id='line_1_11' title="bbox 411 3210 2348 3294; baseline 0.001 -16"><span class='ocrx_word' id='word_1_74' title='bbox 411 3212 714 3292; x_wconf 73' lang='grc' dir='ltr'><em>γενόμενος</em></span> <span class='ocrx_word' id='word_1_75' title='bbox 757 3210 1023 3294; x_wconf 74' lang='grc' dir='ltr'><strong><em>τυράννου</em></strong></span> <span class='ocrx_word' id='word_1_76' title='bbox 1068 3211 1285 3293; x_wconf 70' lang='grc' dir='ltr'><strong><em>πατρὸς</em></strong></span> <span class='ocrx_word' id='word_1_77' title='bbox 1331 3212 1465 3277; x_wconf 80' lang='grc' dir='ltr'>ἑκὼν</span> <span class='ocrx_word' id='word_1_78' title='bbox 1512 3212 1616 3287; x_wconf 66' lang='grc' dir='ltr'>τὴν</span> <span class='ocrx_word' id='word_1_79' title='bbox 1662 3211 1828 3278; x_wconf 77' lang='grc' dir='ltr'><em>πόλιν</em></span> <span class='ocrx_word' id='word_1_80' title='bbox 1874 3214 2180 3293; x_wconf 81' lang='grc' dir='ltr'><em>ἐλευθεροῖ,</em></span> <span class='ocrx_word' id='word_1_81' title='bbox 2228 3216 2348 3280; x_wconf 79' lang='grc' dir='ltr'>κτὲ.</span> 
     </span>
    </p>

    <p class='ocr_par' dir='ltr' id='par_1_5' title="bbox 413 3328 2436 4373">
     <span class='ocr_line' id='line_1_12' title="bbox 503 3328 2434 3419; baseline 0 -24"><span class='ocrx_word' id='word_1_82' title='bbox 503 3331 818 3419; x_wconf 84' lang='lat' dir='ltr'>Epistolae</span> <span class='ocrx_word' id='word_1_83' title='bbox 862 3331 1242 3417; x_wconf 87' lang='lat' dir='ltr'>propositum</span> <span class='ocrx_word' id='word_1_84' title='bbox 1288 3338 1379 3395; x_wconf 89' lang='lat' dir='ltr'>est</span> <span class='ocrx_word' id='word_1_85' title='bbox 1395 3381 1414 3409; x_wconf 94' lang='lat'>‚</span> <span class='ocrx_word' id='word_1_86' title='bbox 1461 3338 1533 3395; x_wconf 87' lang='lat' dir='ltr'>ut</span> <span class='ocrx_word' id='word_1_87' title='bbox 1579 3331 1834 3395; x_wconf 84' lang='lat' dir='ltr'>consilia</span> <span class='ocrx_word' id='word_1_88' title='bbox 1879 3331 1983 3396; x_wconf 90' lang='lat' dir='ltr'>det</span> <span class='ocrx_word' id='word_1_89' title='bbox 2013 3328 2232 3395; x_wconf 91' lang='lat' dir='ltr'>Dionis</span> <span class='ocrx_word' id='word_1_90' title='bbox 2257 3332 2434 3395; x_wconf 90' lang='lat' dir='ltr'>sociis</span> 
     </span>
     <span class='ocr_line' id='line_1_13' title="bbox 414 3448 2434 3515; baseline -0 -1"><span class='ocrx_word' id='word_1_91' title='bbox 414 3450 493 3514; x_wconf 88' lang='lat' dir='ltr'>de</span> <span class='ocrx_word' id='word_1_92' title='bbox 559 3448 935 3515; x_wconf 88' lang='lat' dir='ltr'>instituenda</span> <span class='ocrx_word' id='word_1_93' title='bbox 1001 3456 1061 3513; x_wconf 90' lang='lat' dir='ltr'>et</span> <span class='ocrx_word' id='word_1_94' title='bbox 1127 3449 1465 3514; x_wconf 87' lang='lat' dir='ltr'>ordinanda</span> <span class='ocrx_word' id='word_1_95' title='bbox 1532 3450 1794 3515; x_wconf 84' lang='lat' dir='ltr'>civitate.</span> <span class='ocrx_word' id='word_1_96' title='bbox 1887 3449 2056 3514; x_wconf 83' lang='lat' dir='ltr'>Dicit</span> <span class='ocrx_word' id='word_1_97' title='bbox 2119 3457 2324 3514; x_wconf 87' lang='lat' dir='ltr'>autem</span> <span class='ocrx_word' id='word_1_98' title='bbox 2370 3471 2434 3513; x_wconf 90' lang='lat' dir='ltr'>se</span> 
     </span>
     <span class='ocr_line' id='line_1_14' title="bbox 413 3568 2434 3654; baseline 0 -23"><span class='ocrx_word' id='word_1_99' title='bbox 413 3568 570 3633; x_wconf 88' lang='lat' dir='ltr'>velle</span> <span class='ocrx_word' id='word_1_100' title='bbox 629 3568 752 3632; x_wconf 88' lang='lat' dir='ltr'>tale</span> <span class='ocrx_word' id='word_1_101' title='bbox 806 3568 1126 3632; x_wconf 88' lang='lat' dir='ltr'>consilium</span> <span class='ocrx_word' id='word_1_102' title='bbox 1172 3568 1316 3632; x_wconf 88' lang='lat' dir='ltr'>dare</span> <span class='ocrx_word' id='word_1_103' title='bbox 1330 3617 1351 3647; x_wconf 88' lang='lat'>‚</span> <span class='ocrx_word' id='word_1_104' title='bbox 1401 3568 1569 3654; x_wconf 89' lang='lat' dir='ltr'>quod</span> <span class='ocrx_word' id='word_1_105' title='bbox 1615 3568 1822 3633; x_wconf 87' lang='lat' dir='ltr'>amicis</span> <span class='ocrx_word' id='word_1_106' title='bbox 1867 3590 2058 3653; x_wconf 86' lang='lat' dir='ltr'>aeque</span> <span class='ocrx_word' id='word_1_107' title='bbox 2105 3575 2288 3652; x_wconf 87' lang='lat' dir='ltr'>atque</span> <span class='ocrx_word' id='word_1_108' title='bbox 2332 3568 2434 3632; x_wconf 87' lang='lat' dir='ltr'>ad·</span> 
     </span>
     <span class='ocr_line' id='line_1_15' title="bbox 415 3685 2436 3772; baseline 0 -23"><span class='ocrx_word' id='word_1_109' title='bbox 415 3687 691 3752; x_wconf 86' lang='lat' dir='ltr'>versariis</span> <span class='ocrx_word' id='word_1_110' title='bbox 737 3685 891 3751; x_wconf 91' lang='lat' dir='ltr'>utile</span> <span class='ocrx_word' id='word_1_111' title='bbox 937 3686 1015 3749; x_wconf 92' lang='lat' dir='ltr'>sit</span> <span class='ocrx_word' id='word_1_112' title='bbox 1058 3687 1361 3751; x_wconf 86' lang='lat' dir='ltr'>futurum.</span> <span class='ocrx_word' id='word_1_113' title='bbox 1457 3686 1550 3751; x_wconf 87' lang='lat' dir='ltr'>Ac</span> <span class='ocrx_word' id='word_1_114' title='bbox 1595 3687 1858 3772; x_wconf 89' lang='lat' dir='ltr'>primum</span> <span class='ocrx_word' id='word_1_115' title='bbox 1891 3687 2138 3771; x_wconf 90' lang='lat' dir='ltr'>quidem</span> <span class='ocrx_word' id='word_1_116' title='bbox 2170 3686 2436 3751; x_wconf 88' lang='lat' dir='ltr'>ostendit</span> 
     </span>
     <span class='ocr_line' id='line_1_16' title="bbox 416 3805 2436 3892; baseline 0 -22"><span class='ocrx_word' id='word_1_117' title='bbox 416 3806 769 3871; x_wconf 88' lang='lat' dir='ltr'>huiusmodi</span> <span class='ocrx_word' id='word_1_118' title='bbox 813 3805 1066 3870; x_wconf 86' lang='lat' dir='ltr'>consilia</span> <span class='ocrx_word' id='word_1_119' title='bbox 1110 3806 1295 3891; x_wconf 82' lang='lat' dir='ltr'>vulgo</span> <span class='ocrx_word' id='word_1_120' title='bbox 1342 3830 1561 3891; x_wconf 89' lang='lat' dir='ltr'>parum</span> <span class='ocrx_word' id='word_1_121' title='bbox 1606 3806 1846 3892; x_wconf 88' lang='lat' dir='ltr'>probari</span> <span class='ocrx_word' id='word_1_122' title='bbox 1900 3829 2012 3871; x_wconf 90' lang='lat' dir='ltr'>nec</span> <span class='ocrx_word' id='word_1_123' title='bbox 2058 3805 2262 3870; x_wconf 86' lang='lat' dir='ltr'>facilia</span> <span class='ocrx_word' id='word_1_124' title='bbox 2309 3829 2436 3871; x_wconf 88' lang='lat' dir='ltr'>esse</span> 
     </span>
     <span class='ocr_line' id='line_1_17' title="bbox 416 3922 2436 4010; baseline 0 -21"><span class='ocrx_word' id='word_1_125' title='bbox 416 3924 661 4003; x_wconf 87' lang='lat' dir='ltr'>effectu,</span> <span class='ocrx_word' id='word_1_126' title='bbox 698 3925 802 3989; x_wconf 90' lang='lat' dir='ltr'>sed</span> <span class='ocrx_word' id='word_1_127' title='bbox 834 3925 1037 4010; x_wconf 88' lang='lat' dir='ltr'>potius</span> <span class='ocrx_word' id='word_1_128' title='bbox 1067 3924 1223 3989; x_wconf 85' lang='lat' dir='ltr'>votis</span> <span class='ocrx_word' id='word_1_129' title='bbox 1256 3925 1478 3989; x_wconf 85' lang='lat' dir='ltr'>similia</span> <span class='ocrx_word' id='word_1_130' title='bbox 1494 3975 1513 4004; x_wconf 93' lang='lat'>‚</span> <span class='ocrx_word' id='word_1_131' title='bbox 1548 3928 1700 4007; x_wconf 69' lang='grc' dir='ltr'>εὐχῇ</span> <span class='ocrx_word' id='word_1_132' title='bbox 1725 3922 1912 4003; x_wconf 71' lang='grc' dir='ltr'><em>ὅμοια.</em></span> <span class='ocrx_word' id='word_1_133' title='bbox 1961 3926 2203 4009; x_wconf 87' lang='lat' dir='ltr'>„Atqui</span> <span class='ocrx_word' id='word_1_134' title='bbox 2218 3976 2237 4003; x_wconf 90' lang='lat'><em>‚</em></span> <span class='ocrx_word' id='word_1_135' title='bbox 2265 3924 2436 3989; x_wconf 85' lang='lat' dir='ltr'>addit</span> 
     </span>
     <span class='ocr_line' id='line_1_18' title="bbox 417 4042 2430 4129; baseline 0.001 -22"><span class='ocrx_word' id='word_1_136' title='bbox 417 4044 591 4128; x_wconf 89' lang='lat' dir='ltr'>quasi</span> <span class='ocrx_word' id='word_1_137' title='bbox 650 4066 713 4107; x_wconf 86' lang='lat' dir='ltr'>se</span> <span class='ocrx_word' id='word_1_138' title='bbox 770 4044 1073 4129; x_wconf 86' lang='lat' dir='ltr'>corrigens</span> <span class='ocrx_word' id='word_1_139' title='bbox 1091 4093 1110 4121; x_wconf 94' lang='lat'>‚</span> <span class='ocrx_word' id='word_1_140' title='bbox 1156 4042 1303 4109; x_wconf 79' lang='grc' dir='ltr'><strong><em>ἔστω</em></strong></span> <span class='ocrx_word' id='word_1_141' title='bbox 1350 4044 1417 4119; x_wconf 73' lang='grc' dir='ltr'>δὴ</span> <span class='ocrx_word' id='word_1_142' title='bbox 1462 4042 1814 4109; x_wconf 67' lang='grc' dir='ltr'><em>παντάπασι</em></span> <span class='ocrx_word' id='word_1_143' title='bbox 1860 4042 1966 4121; x_wconf 75' lang='grc' dir='ltr'>μὲν</span> <span class='ocrx_word' id='word_1_144' title='bbox 2013 4045 2165 4125; x_wconf 79' lang='grc' dir='ltr'><em>εὐχή</em></span> <span class='ocrx_word' id='word_1_145' title='bbox 2211 4068 2296 4116; x_wconf 78' lang='grc' dir='ltr'>τις</span> <span class='ocrx_word' id='word_1_146' title='bbox 2325 4095 2338 4109; x_wconf 91' lang='grc'><strong>.</strong></span> <span class='ocrx_word' id='word_1_147' title='bbox 2369 4095 2383 4109; x_wconf 91' lang='grc'><strong>.</strong></span> <span class='ocrx_word' id='word_1_148' title='bbox 2416 4094 2430 4109; x_wconf 94' lang='grc'><strong><em>.</em></strong></span> 
     </span>
     <span class='ocr_line' id='line_1_19' title="bbox 416 4161 2430 4249; baseline -0 -22"><span class='ocrx_word' id='word_1_149' title='bbox 416 4165 685 4239; x_wconf 54' lang='lat' dir='ltr'>§ma-eam</span> <span class='ocrx_word' id='word_1_150' title='bbox 744 4163 792 4226; x_wconf 73' lang='grc' dir='ltr'>δ’</span> <span class='ocrx_word' id='word_1_151' title='bbox 822 4161 927 4238; x_wconf 70' lang='grc' dir='ltr'>εἴη.</span> <span class='ocrx_word' id='word_1_152' title='bbox 1018 4162 1187 4227; x_wconf 87' lang='lat' dir='ltr'>Haec</span> <span class='ocrx_word' id='word_1_153' title='bbox 1235 4162 1539 4248; x_wconf 86' lang='lat' dir='ltr'>praefatus</span> <span class='ocrx_word' id='word_1_154' title='bbox 1585 4163 1803 4249; x_wconf 91' lang='lat' dir='ltr'>incipit</span> <span class='ocrx_word' id='word_1_155' title='bbox 1846 4185 1882 4226; x_wconf 88' lang='lat' dir='ltr'>a</span> <span class='ocrx_word' id='word_1_156' title='bbox 1928 4162 2237 4248; x_wconf 87' lang='lat' dir='ltr'>praeteriti</span> <span class='ocrx_word' id='word_1_157' title='bbox 2283 4171 2430 4227; x_wconf 87' lang='lat' dir='ltr'>tem-</span> 
     </span>
     <span class='ocr_line' id='line_1_20' title="bbox 417 4280 2428 4373; baseline 0.003 -29"><span class='ocrx_word' id='word_1_158' title='bbox 417 4282 578 4365; x_wconf 88' lang='lat' dir='ltr'>poris</span> <span class='ocrx_word' id='word_1_159' title='bbox 638 4281 1085 4347; x_wconf 84' lang='lat' dir='ltr'>recordatione:</span> <span class='ocrx_word' id='word_1_160' title='bbox 1151 4280 1327 4348; x_wconf 86' lang='lat' dir='ltr'>docet</span> <span class='ocrx_word' id='word_1_161' title='bbox 1384 4282 1661 4367; x_wconf 87' lang='lat' dir='ltr'>utrisque</span> <span class='ocrx_word' id='word_1_162' title='bbox 1708 4282 2070 4349; x_wconf 87' lang='lat' dir='ltr'>certantium</span> <span class='ocrx_word' id='word_1_163' title='bbox 2119 4282 2428 4373; x_wconf 87' lang='lat' dir='ltr'>quondam</span> 
     </span>
    </p>
   </div>
  </div>
 </body>
</html>
