3092 5084
1417 467 1535 530 167

463 680 690 751 morat,
755 673 819 737 id
874 681 1077 738 tamen
1122 695 1359 736 sumere
1406 672 1651 749 debuit,
1703 674 2026 756 quoniam,
2077 675 2128 738 si
2175 697 2242 738 ex
2294 675 2476 740 Italia
2514 703 2518 708 ·

462 792 668 854 statim
714 791 778 854 in
824 793 1171 876 Aegyptum
1218 791 1525 875 profectus
1574 797 1700 868 est,
1749 790 1892 854 inde
1938 791 2120 855 rediit
2168 793 2470 872 Athenas,

460 932 703 974 necesse
748 910 865 973 fuit
911 925 1065 974 eum
1095 911 1320 974 iterum
1365 909 1430 973 in
1477 909 1724 973 Italiam
1769 910 2051 988 tendere,
2099 911 2242 975 inde
2289 908 2353 975 iii
2387 912 2476 976 Si-

461 1028 662 1091 ciliam
708 1029 1111 1112 trajectarum.
1188 1026 1387 1090 Ceteri
1433 1027 1754 1111 scriptores
1803 1028 1911 1112 qui
1954 1028 2172 1093 itinera
2217 1053 2473 1095 comme-

462 1152 729 1223 morant,
777 1146 843 1209 in
887 1147 1003 1209 hoc
1050 1167 1293 1229 quoque
1341 1145 1673 1223 dissident,
1724 1145 1887 1229 quod
1935 1147 2039 1210 alii
2071 1170 2210 1210 eum
2241 1171 2366 1212 non
2398 1170 2470 1212 ex

363 1295 367 1304 ·
462 1241 643 1328 italia
687 1265 753 1328 in
798 1263 1145 1348 Aegyptum
1190 1263 1285 1326 vel
1333 1261 1608 1348 Cyrenen
1625 1313 1642 1340 ,
1697 1263 1802 1326 sed
1834 1265 2100 1349 primum
2137 1265 2202 1330 in
2235 1268 2472 1350 Aegyp-

460 1389 629 1460 tum,
679 1391 817 1466 post
860 1382 925 1446 in
971 1381 1217 1446 Italiam
1264 1382 1604 1466 profectum
1650 1381 1882 1446 dicunt.
2457 1437 2462 1442 .

550 1500 797 1579 Cicero,
846 1500 922 1565 de
977 1501 1127 1586 Rep.
1175 1499 1245 1579 I,
1301 1503 1414 1565 10:
1462 1500 1772 1578 „Audisse
1819 1508 1880 1565 te
1926 1501 2104 1565 credo
2152 1501 2470 1566 Platonem

460 1619 705 1684 Socrate
764 1627 1005 1684 mortuo
1066 1619 1329 1705 primum
1390 1619 1490 1683 in.
1517 1621 1868 1704 Aegyptum
1929 1619 2204 1684 discendi
2250 1643 2434 1685 causa
2449 1671 2468 1700 ,

460 1745 600 1823 post
659 1737 724 1800 in
784 1737 1027 1802 Italiam
1090 1746 1152 1801 et
1189 1737 1455 1801 Siciliam
1500 1737 1882 1802 contendisse
1899 1787 1918 1816 ,
1974 1746 2046 1802 ut
2091 1738 2471 1824 Pythagorae

459 1856 708 1920 inventa
751 1855 1179 1940 perdisceret.''
1224 1855 1318 1920 De
1358 1856 1492 1920 Fin.
1528 1855 1619 1933 V,
1656 1859 1772 1918 29:
1821 1851 1995 1934 „Gur
2023 1855 2202 1920 Plato
2234 1859 2472 1943 Aegyp-

460 1982 595 2039 tum
642 1975 1018 2059 peragravit,
1090 1981 1161 2040 ut
1223 1998 1258 2038 a
1304 1974 1718 2040 sacerdotibus
1764 1975 2032 2039 barbaris
2079 1999 2362 2040 numeros
2411 1984 2470 2040 ct

462 2094 748 2158 coelestia
808 2094 1149 2179 acciperet?
1210 2117 1319 2157 cur
1378 2103 1517 2179 post
1576 2094 1908 2158 Tarentum
1969 2095 2044 2158 ad
2100 2095 2467 2180 Archytam,

461 2235 571 2276 cur
646 2211 722 2275 ad
789 2212 1055 2296 reliquos
1117 2212 1529 2297 Pythagoreos
1546 2262 1564 2289 ‚
1627 2211 2020 2277 Echecratem
2036 2262 2055 2290 ‚
2117 2213 2467 2292 Timaeum,

459 2331 784 2395 Aci-ionem
829 2330 1088 2408 Locroe,
1140 2339 1246 2410 ut,
1312 2354 1500 2417 quum
1545 2332 1850 2396 Socratem
1899 2333 2320 2417 expressisset,
2369 2333 2470 2396 ad·

452 2450 738 2534 jungeret
783 2449 1303 2534 Pythagoreorum
1350 2450 1735 2535 disciplinam
1781 2473 1972 2534 eaque
2005 2473 2160 2535 quae
2192 2450 2468 2516 Socrates
2560 2521 2566 2526 ἱ

457 2568 819 2655 repudiabat
871 2568 1205 2633 addisceret·
1222 2569 1288 2632 ?”
1351 2568 1443 2633 Of.
1485 2568 1666 2632 Tusc.
1710 2568 1773 2647 I,
1808 2571 1923 2647 173
1951 2569 2026 2634 de
2042 2568 2184 2644 Seu.
2207 2592 2260 2634 c.
2290 2572 2470 2654 12.1)

550 2689 1084 2753 Animadvertatur
1130 2687 1483 2753 Ciceronem
1532 2689 1761 2767 dicere,
1813 2711 1953 2754 eum
1970 2691 2229 2772 primum
2259 2690 2325 2754 in
2339 2775 2341 2778 .
2355 2691 2471 2754 Ae-

458 2813 715 2892 gyptum
760 2807 1099 2892 profectum
1146 2829 1303 2884 esse,
1338 2813 1480 2890 post
1526 2808 1592 2871 in
1639 2806 1884 2871 Italiam
1924 2814 1985 2871 et
2015 2806 2315 2886 Siciliam,
2343 2830 2470 2872 nou

458 2927 591 2990 inde
634 2927 700 2992 in
745 2925 1016 2989 Italiam:
1068 2948 1253 3009 quare
1298 2926 1456 2990 nihil
1501 2925 1704 2990 obstat
1750 2927 2076 3009 quominus
2123 2926 2306 2990 verba
2336 2927 2467 2992 eius

459 3043 543 3107 sic
588 3044 1055 3128 interpretemur
1086 3044 1269 3128 (quod
1306 3045 1493 3108 etiam
1519 3067 1626 3129 per
1653 3044 1984 3131 Apuleium
2007 3044 2196 3128 licet),
2231 3067 2369 3107 eum
2395 3068 2466 3109 ex
2549 3131 2554 3138 1

460 3164 739 3245 Aegypto
783 3160 1030 3225 rediisse
1076 3163 1141 3225 in
1187 3163 1476 3247 patriam,
1523 3170 1738 3247 postea
1780 3163 1925 3225 hinc
1973 3161 2356 3226 contendisse
2401 3163 2466 3226 in

458 3279 723 3345 Italiam.
794 3279 891 3344 Sic
949 3281 1066 3344 iter
1112 3252 1200 3344 in·
1226 3284 1577 3368 Aegyptum
1623 3282 1698 3346 ab
1743 3282 1959 3346 itinere
2003 3282 2070 3345 in
2115 3280 2359 3346 Italiam
2407 3290 2468 3346 et

461 3397 731 3462 Siciliam
778 3399 1141 3484 sejungitur.

549 3515 643 3581 Ex
716 3516 829 3581 hac
913 3517 1275 3603 scriptorum
1349 3517 1510 3582 inter
1583 3541 1648 3582 se
1709 3518 2085 3584 dissensione
2146 3517 2300 3582 effici
2361 3540 2470 3602 po-

522 3861 569 3922 1)
603 3861 723 3909 Rem
757 3860 963 3909 strictim
1000 3861 1153 3925 tangit
1186 3861 1564 3926 Quinctilianus,
1601 3861 1720 3910 Inst.
1753 3861 1838 3909 Or.
1861 3859 1916 3918 Ι,
1944 3861 2004 3910 12
2023 3897 2037 3918 ,
2063 3860 2154 3909 15:
2180 3859 2322 3918 „Non
2346 3875 2457 3906 con-

458 3960 619 4006 tentus
664 3955 925 4020 disciplinis
970 3972 1085 4020 quas
1119 3960 1355 4020 praestare
1389 3959 1611 4021 poterant
1645 3956 1886 4016 Athenae,
1921 3971 2019 4004 non
2053 3955 2463 4019 Pythagoreorum

458 4053 517 4100 ad
562 4069 679 4116 quos
717 4053 768 4101 in
816 4052 1007 4102 Italiam
1056 4052 1321 4116 navigavit,
1370 4052 1578 4116 Aegypti
1623 4068 1810 4116 quoque
1858 4052 2126 4100 sacerdotes
2171 4050 2288 4098 adiit
2321 4054 2463 4112 atque

448 4161 619 4214 eorum
652 4163 822 4196 arcana
853 4147 1156 4211 perdidicit.”
1192 4147 1407 4196 Valerius
1444 4148 1700 4205 MaximuS,
1730 4148 1876 4205 VIII,
1905 4147 1934 4200 7
1947 4185 1962 4206 ,
1984 4147 2194 4211 priorem
2217 4144 2462 4194 Ciceronis

457 4244 613 4292 locum
650 4243 889 4294 describit.
