3092 5084
1348 1232 1739 1327 CAPUT
1823 1232 1938 1329 VI.

687 1560 765 1601 DE
811 1558 1004 1603 REBUS
1051 1558 1397 1603 Hlsromcls
1444 1559 1614 1618 QUAE
1659 1560 1728 1603 IN
1773 1560 2090 1604 EPISTOLIS
2138 1558 2588 1601 MEMORANTUR.

1428 1806 1822 1844 —--·4<»·-——-

729 2034 1127 2121 Praecipuum
1175 2036 1591 2121 Epistolarum
1637 2045 2063 2123 argumentum
2112 2045 2205 2102 est
2250 2036 2324 2100 de
2371 2036 2646 2099 Platonis

633 2154 955 2217 itineribus
1002 2155 1063 2217 in
1113 2155 1377 2220 Siciliam
1426 2164 1484 2219 et
1531 2157 1606 2220 de
1655 2158 2011 2222 commercio
2045 2157 2209 2241 quod
2243 2158 2296 2219 ei
2330 2178 2469 2219 cum
2503 2156 2646 2217 Dio-

631 2273 803 2356 nysio
855 2282 916 2337 et
945 2296 1086 2340 cum
1117 2274 1317 2339 Dione
1347 2276 1656 2359 huiusque
1689 2277 1866 2339 sociis
1897 2277 2034 2340 fuit.
2099 2274 2408 2360 Epistolae
2442 2282 2644 2339 autem

631 2390 809 2457 VII³⁶
852 2394 918 2457 in
958 2393 1203 2456 exordio
1251 2396 1727 2478 praemittuntur
1770 2395 2070 2459 nonnulla
2099 2394 2177 2458 ad
2208 2393 2643 2479 rempublicam

632 2506 1013 2575 Athenarum
1062 2513 1429 2596 spectantia,
1468 2513 1846 2578 adolescente
1893 2512 2184 2592 Platone,
2217 2514 2283 2576 in
2314 2512 2504 2575 VIIIa
2527 2534 2664 2606 me-¹

628 2637 947 2713 morantur
970 2629 1267 2714 quaedam
1300 2632 1373 2695 de
1405 2632 1587 2697 rebus
1620 2633 1872 2711 Siculis,
1906 2633 2084 2719 pulso
2117 2632 2447 2716 DionysiO,
2487 2638 2547 2694 et
2569 2630 2645 2693 de

632 2746 814 2810 huius
846 2748 1076 2812 familia
1086 2775 1103 2826 3
1138 2757 1479 2834 tanguntur
1509 2751 1778 2837 Lycurgi
1810 2753 2127 2829 instituta,
2163 2774 2319 2834 quae
2349 2757 2642 2833 tanquam

631 2865 974 2949 exemplum
1008 2867 1378 2931 ordinandae
1411 2870 1779 2953 reipublicae
1810 2877 2256 2955 proponuntur.
2307 2868 2384 2931 In
2417 2868 2510 2930 his
2534 2867 2644 2951 igi-

628 2992 731 3047 tur
778 2984 1145 3069 exponendis
1194 3008 1347 3069 quae
1394 2988 1473 3051 sit
1519 2988 1996 3073 epistolographi
2020 2988 2338 3073 diligentia
2371 2995 2432 3049 et
2461 2986 2642 3063 fides,

628 3103 958 3168 videamus,
1051 3102 1347 3184 Quaestio
1396 3105 1548 3171 haec
1603 3130 1726 3171 non
1772 3107 1920 3171 levis
1963 3114 2053 3170 est
2085 3105 2376 3169 momenti
2407 3111 2468 3167 et
2500 3126 2644 3188 pon-

624 3220 781 3284 deris
845 3228 1091 3305 propter
1147 3222 1416 3306 ipsarum
1462 3223 1913 3308 Epistolarum,
1963 3223 2434 3307 qualescumque
2482 3222 2639 3299 sint,

624 3345 990 3402 vetustatem
1064 3348 1124 3402 et
1170 3340 1615 3405 auctoritatem.
1710 3341 1938 3425 Negari
2000 3342 2159 3405 enim
2207 3340 2454 3424 nequit,
2503 3362 2602 3403 eas
2621 3389 2640 3415 ,

622 3456 946 3540 praecipue
994 3456 1185 3521 VII⁸¹¹¹
1201 3508 1220 3537 ,
1266 3459 1391 3521 sive
1420 3482 1740 3543 germanae
1771 3467 2068 3544 putentur
2099 3459 2223 3522 sive
2255 3458 2638 3542 suppositae,

621 3574 686 3637 in
748 3575 1187 3658 antiquissimis
1244 3577 1555 3661 ponendas
1619 3601 1746 3641 esse
1803 3577 2211 3641 monumentis
2273 3575 2437 3640 unde
2505 3575 2640 3639 Pla-

621 3694 783 3755 tonis
830 3694 1083 3777 eiusque
1127 3703 1470 3780 temporum
1518 3683 1612 3759 res
1659 3702 2120 3780 cognoscantur.
2185 3695 2408 3758 Errant
2435 3702 2636 3757 tamen

624 3813 731 3894 qui
800 3834 898 3873 eas
950 3813 1197 3876 unicum
1246 3837 1435 3899 paene
1483 3815 1709 3879 fontem
1762 3838 1890 3878 esse
1937 3815 2267 3900 opinantur
2313 3822 2422 3877 aut
2482 3815 2638 3876 tanti

622 3929 972 4007 aestimant,
1022 3939 1095 3994 ut
1141 3940 1339 3996 cetera
1385 3934 1731 3996 testimonia
1778 3956 1919 4017 prae
1965 3933 2061 3996 his
2110 3955 2298 4017 paene
2347 3931 2524 4024 nihili
2558 3932 2640 3995 fa-

618 4045 800 4109 ciant.
834 4048 879 4131 Ι)
942 4046 1199 4111 Constat
1246 4051 1406 4113 enim
1453 4052 1689 4115 easdem
1744 4074 1836 4113 res
1885 4051 2081 4113 multo
2129 4050 2370 4134 plenius
2419 4050 2636 4133 partim

685 4274 733 4333 1)
768 4274 837 4321 Ut
875 4276 934 4324 H.
972 4276 1127 4324 Ritter
1162 4281 1210 4325 et
1246 4276 1419 4335 Grote,
1454 4278 1590 4325 citati
1627 4294 1768 4340 supra
1807 4294 1854 4341 p.
1890 4277 1918 4330 7
1957 4285 2004 4325 et
2040 4283 2084 4325 8.
