3092 5084
1642 499 1766 563 178

692 709 967 774 metriam
1027 707 1285 772 Athenis
1342 708 1431 773 ita
1473 707 1811 792 neglectam
1856 707 2045 771 fuisse
2100 713 2173 770 ut
2216 713 2536 792 propterea
2581 703 2697 790 Cy-

690 851 872 893 renen
935 829 1192 913 migrare
1251 848 1491 892 necesse
1532 835 1692 892 esset
1706 854 1724 906 3
1779 828 1910 912 ipse
1962 826 2316 890 Theodorus
2371 831 2696 909 antequam

688 947 838 1012 illuc
906 928 1251 1011 habitatum
1316 947 1531 1025 cessit,
1596 947 1855 1010 Athenis
1915 946 2071 1010 hanc
2133 952 2319 1009 artem
2380 943 2700 1008 tradidisse

687 1064 1057 1149 perhibetur.
1135 1064 1278 1128 Vid.
1328 1062 1643 1139 Hermann
1688 1087 1747 1148 p.
1803 1065 1963 1142 110,
2011 1070 2139 1128 not.
2179 1065 2326 1128 101.

774 1299 1068 1365 Itinera
1111 1301 1184 1365 in
1229 1299 1549 1365 Italiam.
1612 1299 1960 1365 Secundum
1999 1299 2335 1385 Epistulam
2362 1299 2537 1364 Plato
2570 1299 2690 1384 pri-

683 1439 854 1483 mum
885 1419 1190 1505 profectus
1238 1425 1328 1483 est
1369 1419 1435 1482 in
1480 1418 1758 1497 Italiam,
1793 1442 1914 1503 quo
1946 1426 2216 1504 tempore
2239 1419 2470 1503 patriae
2493 1440 2691 1482 mores

685 1547 995 1624 pertaesus
1057 1537 1572 1622 quadragenarius
1619 1538 1890 1602 Athenas
1937 1537 2219 1622 reliquit3
2268 1537 2412 1601 hinc
2457 1537 2696 1623 trajecit

682 1656 749 1719 in
779 1655 1045 1720 Siciliam
1090 1655 1227 1742 (Ep.
1260 1655 1421 1735 VH,
1453 1679 1514 1741 p.
1565 1657 1691 1720 326
1725 1655 1797 1720 B.
1828 1656 1874 1740 1)
1919 1654 2154 1720 Iterum
2182 1656 2249 1720 in
2280 1655 2522 1719 Italiam
2555 1676 2693 1718 con-

685 1773 885 1838 tendit
898 1823 916 1852 ,
950 1796 1140 1859 quum
1166 1773 1240 1838 ab
1265 1773 1454 1838 altera
1478 1774 1847 1859 profectione
1866 1774 1929 1836 in
1946 1773 2213 1838 Siciliam
2232 1772 2480 1838 domum
2501 1795 2694 1837 rever-

683 1899 943 1971 teretur,
985 1915 1107 1977 qua
1152 1893 1463 1957 occasione
1507 1891 1840 1957 Tarentum
1886 1892 2198 1957 divertisse
2244 1892 2452 1976 ibique
2491 1891 2692 1956 amici-

682 2013 832 2076 tiam
881 2013 1155 2098 junxisse
1202 2012 1426 2076 dicitur
1471 2033 1611 2076 cum
1657 2013 1927 2096 Archyta
1973 2011 2228 2096 aliisque
2275 2011 2688 2097 Pythagoreis,

682 2130 842 2196 Ibid.
879 2154 939 2216 p.
996 2132 1123 2195 338
1171 2129 1254 2194 C:
1318 2133 1433 2209 ἐγὼ
1478 2131 1598 2209 γὰρ
1643 2132 1771 2210 πρὶν
1814 2131 2043 2196 ἀπιέναι
2087 2129 2278 2208 ξενίων
2337 2131 2434 2195 καὶ
2482 2130 2690 2210 φιλίαν

681 2250 943 2332 Ἀρχύτῃ
985 2251 1083 2315 καὶ
1121 2258 1239 2323 τοῖς
1284 2253 1342 2315 ἐν
1385 2249 1645 2329 Τάραντι
1685 2250 1779 2314 καὶ
1807 2249 2075 2330 Διονυσίῳ
2097 2251 2341 2326 ποιήσας
2363 2249 2685 2314 ἀπέπλεον.

683 2366 841 2433 Cum
885 2368 982 2432 his
1029 2367 1207 2432 dictis
1239 2368 1675 2433 contendamus
1707 2391 1862 2452 quae
1893 2369 2077 2432 ceteri
2109 2369 2430 2453 scriptores
2464 2366 2538 2431 de
2568 2368 2685 2431 hoc

682 2487 899 2552 itinere
944 2495 1285 2552 narrarunt.

770 2604 1006 2691 Nepos,
1055 2605 1238 2670 Dion.
1286 2627 1338 2670 c.
1388 2607 1457 2683 2,
1506 2603 1717 2670 scribit
1745 2604 2062 2670 Platonem
2091 2606 2158 2670 in
2187 2604 2431 2669 Italiam
2461 2603 2690 2690 profec-

682 2730 815 2787 tum
860 2724 1191 2799 Tarentum
1234 2725 1503 2804 venisse,
1552 2725 1693 2789 inde
1740 2726 2093 2790 arcessitum
2140 2747 2175 2788 a
2205 2724 2404 2788 Dione
2437 2724 2688 2809 Syracu-

682 2867 777 2907 sas
836 2845 1165 2908 transiisse.
1258 2843 1467 2909 Oicero
1530 2866 1774 2928 quoque
1833 2845 1982 2910 locis
2045 2866 2232 2930 supra
2290 2843 2555 2908 laudatis
2602 2845 2684 2928 (p.

684 2962 806 3026 167
815 2963 835 3046 )
883 2961 1211 3026 adventum
1255 2962 1322 3026 in
1365 2961 1609 3026 Italiam
1656 2970 1717 3026 et
1757 2963 1820 3027 in
1858 2962 2125 3026 Siciliam
2171 2961 2490 3047 conjungit
2520 2967 2580 3025 et
2601 2961 2690 3024 di-

681 3087 839 3145 serte
883 3087 1143 3145 testatur
1189 3103 1327 3146 eum
1374 3081 1705 3146 Tarentum
1751 3083 1985 3146 venisse
2030 3089 2148 3160 „ut
2183 3081 2564 3166 Pythagorae
2597 3080 2687 3143 in-

681 3206 861 3264 venta
920 3199 1287 3283 perdisceret
1302 3249 1321 3278 ,
1386 3222 1646 3284 eumque
1708 3208 1767 3264 et
1827 3222 1966 3264 cum
2027 3200 2298 3283 Archyta
2355 3198 2685 3262 Tarentino

682 3323 742 3381 et
803 3339 943 3381 cum
996 3316 1241 3382 Timaeo
1308 3316 1504 3382 Locro
1566 3318 1834 3383 multum
1878 3318 2066 3382 fuisse
2113 3324 2174 3381 et
2217 3315 2480 3381 Philolai
2524 3323 2685 3380 co'm-

680 3437 1005 3500 mentarios
1052 3459 1179 3500 esse
1224 3442 1472 3501 nactum
1488 3462 1506 3514 3
1557 3452 1868 3521 qumque
1907 3459 1976 3500 eo
2013 3444 2284 3521 tempore
2312 3436 2378 3500 in
2408 3436 2504 3499 his
2535 3436 2684 3499 locis

679 3553 1059 3639 Pythagorae
1104 3577 1326 3619 nomen
1374 3557 1632 3640 vigeret,
1680 3555 1854 3619 illum
1902 3577 1964 3620 se
1995 3561 2056 3618 et
2085 3553 2434 3618 hominibus
2465 3553 2685 3639 Pytha-

678 3673 873 3756 goreis
935 3679 996 3736 et
1055 3672 1276 3737 studiis
1336 3673 1461 3737 illis
1520 3673 1819 3738 dedisse.''
1941 3671 2287 3736 Secundum
2348 3672 2680 3757 Apuleium

677 3792 884 3876 (supra
931 3813 989 3875 p.
1043 3771 1192 3875 165)
1236 3791 1331 3856 bis
1375 3792 1683 3878 profectus
1732 3800 1824 3856 est
1867 3792 1932 3855 in
1978 3790 2220 3855 Italiam
2266 3796 2337 3854 ut
2380 3789 2683 3875 Pythago-

741 4088 791 4150 1)
827 4088 986 4139 Etiam
1029 4088 1315 4140 Plutarchus
1358 4091 1474 4141 dicit
1522 4092 1768 4141 Platonem
1807 4097 1867 4152 ἐξ
1914 4091 2172 4150 Ἰταλίας
2205 4097 2269 4150 εἰς
2303 4094 2580 4160 Συρακούσας
2603 4108 2676 4142 ve-

673 4183 821 4242 nisse3
854 4184 935 4234 sed
968 4184 1107 4234 huius
1140 4185 1402 4235 testimonii
1434 4187 1560 4237 ratio
1592 4188 1804 4237 habenda
1837 4205 1930 4237 non
1967 4193 2064 4247 est,
2099 4187 2210 4253 quia
2243 4191 2481 4238 auctorem
2516 4187 2673 4252 sequi-

672 4284 756 4330 tur
788 4280 1067 4345 Epistolam.
1135 4280 1243 4330 vid.
1278 4281 1380 4331 vit.
1414 4282 1560 4333 Dion.
1595 4299 1636 4334 c.
1671 4286 1719 4333 4.
