3092 5084
1360 426 1523 528 '135

459 674 733 736 Platonis
780 654 1303 736 commorationem
1355 674 1418 737 in
1466 674 1651 737 huius
1713 673 1854 737 aula
1899 682 2189 758 tanquam
2247 699 2460 761 parum

457 790 850 854 honorificam
894 790 1137 853 silentio
1178 792 1548 876 praeteriret.
1621 789 1758 853 Nisi
1805 793 2174 856 contrarium
2221 794 2333 857 hac
2382 794 2459 859 de

456 932 520 973 re
565 916 826 973 exstaret
870 910 1283 973 testimonium
1336 908 1525 993 (Plut.
1574 910 1756 973 Dion.
1811 912 1925 995 5.)‚
1961 910 2231 975 crederes
2263 919 2464 995 tyran-

454 1050 603 1091 num
650 1028 893 1091 Platoni
938 1050 1013 1091 ne
1058 1028 1121 1091 in
1168 1034 1556 1112 conspectum
1613 1027 1857 1110 quidem
1903 1029 2156 1093 venisse.
2253 1030 2461 1095 Unum

455 1153 885 1210 commemorat
930 1147 1220 1223 Dionem,
1270 1148 1445 1210 cuius
1490 1147 1804 1231 ingenium
1854 1146 2078 1225 docile,
2127 1150 2310 1211 animi
2358 1150 2462 1213 ho-

454 1273 747 1330 nestatem
760 1314 778 1343 ‚
826 1266 1221 1350 frugilitatem
1269 1273 1330 1329 et
1375 1266 1808 1330 continentiam
1849 1266 2064 1331 eximie
2093 1267 2332 1347 laudat,
2383 1269 2460 1333 ob

456 1405 618 1467 quas,
669 1384 923 1447 virtutes
938 1432 957 1461 ,
1021 1384 1139 1460 ait,
1172 1382 1624 1471 {famoso-remu
1683 1390 1801 1454 τοῖς
1853 1385 1979 1465 περὶ
2031 1386 2114 1449 τὰ
2157 1366 2462 1465 τυροεῖκνικὰ

455 1504 675 1581 νόμιμοι
735 1502 899 1583 ζῶσιν
958 1503 1098 1580 ἐβίω
1157 1502 1334 1583 μέχρι
1395 1508 1497 1567 τοῦ
1554 1501 1798 1567 θανάτου
1855 1510 1956 1567 τοῦ
2001 1504 2124 1583 περὶ
2175 1504 2461 1569 Διονύσιον

454 1621 757 1700 γενομένου
818 1622 899 1705 (p.
965 1622 1089 1685 327
1155 1620 1249 1705 B).
1342 1619 1511 1684 Haec
1571 1619 1778 1705 legens
1842 1622 1978 1705 quis
2041 1646 2164 1686 non
2209 1631 2454 1707 putaret

458 1740 714 1804 Dionem
782 1739 860 1803 ob
913 1761 1146 1803 morum
1216 1739 1594 1803 severitatem
1638 1746 1895 1822 tyranno
1941 1747 2001 1803 et
2047 1741 2261 1804 aulicis
2309 1742 2459 1805 invi·

453 1880 589 1922 sum
648 1858 714 1921 in
773 1858 937 1942 regia
998 1856 1354 1921 delituisse?
1382 1858 1430 1941 1)
1529 1859 1616 1920 Α1
1675 1858 1786 1921 1166
1849 1879 2094 1941 quoque
2155 1859 2221 1921 in
2291 1866 2462 1943 parte

455 1978 712 2061 scriptor
772 1977 977 2040 studio
1038 1976 1260 2041 ductus
1320 1999 1357 2040 a
1416 1998 1554 2039 vero
1601 1975 1865 2040 deflexit.
1941 1977 2250 2042 Discimus
2299 1978 2459 2041 enim

456 2116 487 2159 6
547 2094 876 2159 Plutarcho
938 2094 1003 2159 ll.
1068 2101 1129 2157 61
1188 2118 1220 2157 6
1281 2093 1520 2179 Nepote
1567 2094 1772 2180 (Dion.
1821 2118 1870 2158 6.
1926 2097 2023 2180 1),
2072 2095 2334 2158 Ι)10116111
2381 2095 2457 2160 ob

456 2215 686 2299 ingenii
719 2222 803 2297 ,61
846 2236 1083 2278 morum
1130 2214 1557 2297 praestantiam
1607 2214 1771 2304 apud
1817 2214 2179 2298 Dionysium
2227 2237 2460 2299 semper

451 2334 519 2397 in
564 2332 791 2397 honore
836 2332 1056 2396 fuisse:
1115 2332 1322 2395 aderat
1368 2332 1422 2395 61
1466 2332 1702 2417 magnis
1749 2332 1814 2395 in
1859 2332 2040 2396 rebus
2057 2359 2076 2411 ς
2124 2333 2456 2417 legationes

452 2475 659 2516 omnes
697 2452 1057 2516 illustriores
1098 2452 1500 2537 suscipiebat3
1528 2459 1590 2515 et
1621 2473 1812 2534 quum
1843 2451 1946 2515 alii
1979 2460 2156 2516 caute
2187 2460 2248 2516 61
2279 2454 2454 2517 anxie

449 2572 515 2634 in
571 2570 812 2655 tyranni
857 2570 1193 2654 praesentia
1238 2570 1600 2633 sententiam
1645 2592 1819 2633 suam
1865 2570 2200 2654 proferrent
2215 2621 2232 2648 ‚
2295 2594 2456 2635 unus

447 2691 553 2754 ille
612 2691 861 2774 impune
920 2712 1155 2754 summa
1214 2689 1502 2753 utebatur
1563 2688 1800 2752 dicendi
1858 2688 2156 2753 libertate.
2253 2692 2456 2773 Atque

450 2811 597 2873 11666
658 2830 812 2892 quae
872 2831 909 2871 a
962 2806 1292 2872 Plutarcho
1339 2814 1400 2871 et
1444 2806 1684 2892 Nepote
1729 2806 2060 2871 traduntur
2082 2808 2128 2891 2)
2175 2830 2315 2871 611111
2371 2831 2460 2871 re-

449 2929 621 3012 liqua
662 2928 881 2991 Dionis
927 2928 1051 2990 vita
1097 2934 1157 2991 et
1190 2928 1353 2991 victu
1385 2928 1471 2990 ita
1500 2928 1908 3004 consentiunt,
1944 2936 2017 2991 ut
2047 2926 2121 2990 de
2153 2927 2454 2990 dictorum

450 3047 569 3111 fide
615 3020 884 3110 dubitari
929 3052 1211 3129 nequeat.

539 3280 743 3345 Prima
795 3281 1146 3345 excursione
1191 3281 1255 3344 in
1304 3280 1513 3345 urbem
1569 3280 2000 3365 Syracusarum
2053 3281 2309 3365 carptim
2339 3304 2457 3345 me-

453 3407 712 3477 morata,
760 3398 835 3463 ad
884 3400 1135 3464 alteram
1166 3400 1411 3463 festinat
1442 3400 1716 3483 scriptor,
1765 3400 1983 3483 viginti
2015 3401 2251 3463 circiter
2283 3400 2454 3463 annis

453 3525 591 3606 post
636 3518 889 3595 factam,
930 3540 1035 3602 per
1065 3518 1231 3601 quod
1262 3518 1548 3601 temporis
1579 3517 1966 3581 intervallum
1997 3516 2172 3581 Plato
2199 3518 2456 3581 Athenis

458 3638 725 3702 scholam
770 3637 1008 3721 aperuit
1052 3645 1113 3700 61
1156 3636 1244 3700 ibi
1286 3644 1487 3699 totum
1536 3660 1599 3699 se
1647 3637 2066 3723 philosophiae
2113 3636 2300 3721 dedit.

524 3866 573 3927 1)
608 3866 685 3915 Ita
722 3869 859 3930 putat
892 3866 1067 3924 Grote‚
1102 3865 1209 3914 Vol.
1243 3865 1339 3923 XI,
1375 3881 1423 3929 p.
1458 3865 1537 3914 60.

522 3960 573 4023 2)
613 3961 772 4024 Nepos
804 3960 919 4009 11666
954 3966 1115 4010 narrat
1147 3960 1278 4024 quasi
1314 3962 1437 4010 facta
1470 3963 1581 4010 ante
1615 3960 1828 4010 Platonis
1861 3961 2142 4019 adventum;
2178 3975 2324 4022 quum
2344 3975 2455 4007 vero

458 4061 565 4125 tum
612 4056 783 4121 viginti
829 4061 1016 4107 tantum
1049 4059 1197 4107 6111106
1232 4062 1370 4107 1161116
1402 4061 1551 4116 esset,
1586 4058 1747 4122 potius
1780 4058 2064 4107 sumendum
2098 4062 2170 4105 est
2203 4072 2310 4105 cum
2349 4056 2458 4103 Plu·

456 4152 646 4211 tarcho,
675 4168 785 4199 eum
819 4156 928 4215 post
960 4152 1175 4201 Platonis
1208 4153 1550 4217 profectionem
1586 4152 1668 4201 illa
1703 4149 1858 4201 officia
1891 4157 2093 4215 tyranno
2132 4151 2422 4216 praestitisse

458 4251 513 4297 ut
546 4250 674 4297 recte
708 4246 1041 4298 animadvertit
1074 4248 1345 4314 Nipperdey
1378 4247 1436 4312 611
1470 4248 1646 4313 Nepet.
1680 4246 1822 4297 Dion.
1857 4264 1903 4313 p.
1939 4246 2017 4298 72.
