3092 5084
1362 491 1486 553 207

424 697 683 762 breviter
728 707 788 762 et
832 697 1086 782 carptim
1132 697 1195 760 in
1242 695 1519 782 Epistola
1564 695 1692 761 VII
1703 747 1722 776 ,
1769 698 2036 784 apertius
2083 705 2146 762 et
2165 757 2168 760 .
2190 698 2432 782 plenius

424 816 753 901 exponitur·
792 816 857 880 in
902 815 1183 902 Epistola
1226 815 1329 892 II,
1377 815 1486 880 ubi
1534 824 1894 900 personatus
1939 817 2118 882 Plato
2163 819 2438 895 αἴνιγμα-

425 936 575 1010 τωδῆ
634 957 879 1020 prorsus
940 934 1388 1019 philosophiam
1444 936 1778 1019 profitetur.
1872 935 1971 1000 Ibi
2018 936 2094 1000 de
2139 959 2250 1000 sua
2296 957 2436 1000 cum

428 1053 721 1137 Dionysio
766 1051 1209 1122 consuetudine
1252 1052 1449 1116 multa
1490 1052 1735 1117 loeutus
1752 1103 1769 1131 ,
1819 1055 1966 1118 haec
1996 1054 2184 1118 missa
2211 1054 2436 1118 faciens

430 1171 627 1236 verbis
686 1172 807 1250 περὶ
856 1173 963 1248 μὲν
1005 1167 1097 1235 οὖν
1148 1171 1359 1236 τούτων
1389 1179 1621 1248 ταῦτα,
1669 1147 1952 1258 deinceps
1985 1173 2062 1238 ad
2093 1173 2212 1237 alia
2240 1175 2440 1260 pei-git

430 1288 547 1353 hoc
591 1288 809 1367 modu,
857 1312 916 1374 p.
966 1292 1093 1353 312
1141 1289 1233 1353 D:

520 1407 608 1472 Τὸ
659 1408 722 1471 ,δὲ
776 1408 1039 1489 σφαιρίον
1088 1411 1186 1474 οὐκ
1230 1411 1389 1490 ὀρθῶς
1438 1409 1564 1490 ἔχει
1591 1430 1607 1446 ·
1655 1410 1892 1484 δηλώσει
1935 1411 1996 1476 δέ
2038 1435 2121 1476 σοι
2169 1411 2443 1492 ’Λρχέδη-

434 1550 573 1604 μος,
620 1526 852 1592 ἐπειδὰν
897 1525 1028 1606 ἔλθῃ
1046 1577 1062 1592 .
1108 1525 1207 1591 καὶ
1254 1527 1319 1599 δὴ
1367 1527 1464 1590 καὶ
1512 1527 1638 1607 περὶ
1683 1528 1858 1602 τοῦδ’,
1898 1525 2148 1593 ὃτούτου
2182 1529 2443 1606 τιμιώτε-

434 1645 519 1723 ρόν
578 1647 633 1709 τ’
660 1647 783 1710 ἔστι
837 1645 935 1709 καὶ
982 1645 1269 1724 θειότερον,
1313 1644 1413 1709 καὶ
1458 1643 1636 1722 μάλα
1680 1645 1879 1727 σφόδρ’
1925 1648 2085 1728 αὐτῷ
2131 1647 2406 1722 δηλωτέον
2422 1699 2440 1721 ,

438 1764 575 1844 ὑπὲρ
634 1759 701 1827 οὗ
746 1764 820 1828 σὺ
866 1762 1196 1844 πέπομφας
1241 1763 1618 1844 ἀπορούμενος
1637 1812 1653 1830 .
1703 1767 1822 1848 φῂς
1865 1767 1986 1846 γὰρ
2033 1767 2098 1840 δὴ
2143 1765 2304 1831 κατὰ
2347 1769 2444 1830 τὸν

437 1883 642 1947 ἐκείνου
686 1883 860 1961 λόγον
903 1885 1019 1962 οὐχ
1054 1883 1258 1954 ἱκανῶς
1296 1882 1707 1962 ἀποδεδεῖχθαί
1743 1905 1826 1948 σοι
1851 1883 1974 1960 περὶ
2001 1891 2106 1957 τῆς
2131 1889 2253 1949 τοῦ
2277 1885 2447 1962 πρώ-

439 2025 571 2068 του
609 2002 872 2084 φύσεως.
918 2003 1204 2083 φραστέον
1243 2001 1307 2077 δή
1347 2025 1431 2066 σοι
1470 2004 1537 2067 δι’
1579 2005 1890 2080 αἰνιγμῶν,
1939 2001 2033 2080 ἵν’,
2081 2001 2154 2068 ἄν
2177 2007 2291 2079 τιῆ
2323 2003 2447 2068 δέλ-

438 2144 533 2193 τος
580 2121 613 2196 ἢ
660 2121 861 2186 πόντου
910 2121 943 2197 ἢ
990 2129 1103 2198 γῆς
1147 2124 1205 2186 ἐν
1250 2128 1514 2202 πτυχαῖς
1563 2122 1744 2202 παθη,
1790 2123 1816 2186 ὃ
1854 2122 2144 2198 ἀναγνοὺς
2181 2123 2266 2199 μὴ
2289 2125 2442 2202 γνῷ.

440 2236 542 2304 ὧδε
601 2240 719 2319 γὰρ
778 2240 905 2320 ἔχει
926 2258 940 2273 ·
997 2239 1121 2318 περὶ
1182 2239 1277 2302 τὸν
1333 2239 1567 2304 πάντων
1603 2237 1867 2316 βασιλέα
1910 2239 2088 2305 πάντ’
2137 2241 2298 2317 ἐστὶ,
2344 2241 2443 2305 καὶ

440 2359 646 2423 ἐκείνου
693 2355 861 2424 ἕνεκα
904 2357 1137 2432 πάντα,
1182 2359 1281 2422 καὶ
1331 2359 1504 2421 ἐκεῖνο
1548 2356 1727 2423 αἴτιον
1769 2357 2044 2422 ἁπάντων
2077 2363 2188 2422 τῶν
2211 2364 2405 2422 καλῶν
2426 2379 2438 2392 ·

441 2474 761 2556 δεύτερον
817 2476 875 2538 δὲ
920 2475 1046 2555 περὶ
1090 2475 1171 2540 τοὶ
1216 2475 1488 2554 δεύτερα,
1535 2475 1634 2540 καὶ
1680 2475 1910 2555 τρίτον
1953 2475 2079 2554 περὶ
2126 2477 2207 2540 τοὶ
2252 2477 2442 2556 τρίτοι.

532 2596 755 2678 Aperte
801 2594 900 2658 hic
946 2594 1239 2679 Dionysio
1286 2595 1435 2659 dicit
1450 2643 1468 2672 ,
1516 2587 1582 2658 se
1622 2594 1696 2658 de
1725 2617 1931 2660 rerum
1962 2595 2275 2680 principiis
2307 2595 2451 2658 scri-

443 2713 582 2778 bere
628 2715 695 2778 δι’
740 2715 1019 2792 αἰνιγμῶν
1038 2765 1054 2789 ,
1103 2721 1174 2776 ut
1218 2714 1326 2797 qui
1370 2713 1534 2798 legat
1579 2735 1704 2778 non
1749 2713 2072 2798 intelligat.
2121 2713 2280 2777 Cum
2319 2713 2451 2796 qui·

447 2833 557 2896 bus
614 2833 945 2897 concinunt
1005 2854 1157 2916 quae
1203 2833 1388 2916 paulo
1435 2839 1574 2918 post
1619 2831 1815 2896 eidem
1863 2833 2158 2917 praecipit
2174 2880 2192 2909 ,
2240 2840 2315 2896 ut
2358 2853 2451 2894 ca-

443 2960 580 3016 veat
652 2975 729 3016 ne
788 2951 895 3016 illa
961 2951 1027 3015 in
1070 2951 1295 3035 vulgus
1338 2950 1658 3014 indoctum
1705 2957 2020 3028 emanent,
2069 2973 2128 3035 p.
2179 2954 2308 3014 314
2355 2951 2446 3014 A:

446 3071 701 3148 εὐλαβοῦ
742 3070 952 3148 «μέντοι
1007 3071 1091 3146 μή
1136 3067 1264 3134 ποτ’
1312 3068 1523 3150 ἐκπέσῃ
1568 3071 1742 3133 ταῦτ’
1785 3070 1864 3140 εἷς
1909 3069 2226 3149 ἀνθρώπους
2271 3069 2450 3132 οἷοι-αι·

444 3190 671 3260 δεύτους
692 3209 705 3223 ·
762 3189 975 3269 σχεδὸν
1019 3188 1169 3268 γὰρ,
1212 3189 1285 3258 ὡς
1332 3187 1456 3264 ἐμοὶ
1505 3188 1684 3268 δοκεῖ,
1739 3188 1842 3252 οὐκ
1883 3188 2006 3251 ἔστι
2051 3188 2264 3252 τούτων
2310 3187 2446 3262 πρὸς

446 3310 576 3380 τοὺς
638 3308 885 3379 πόλλους
929 3305 1471 3385 καταγελαστότερ’
1502 3305 1860 3383 ἀκούσματα
1895 3305 2009 3370 οὐδ’
2043 3303 2120 3370 αὖ
2149 3308 2284 3384 πρὸς
2315 3305 2450 3376 τοὺς

447 3430 681 3509 εὐφυεῖς
724 3423 1167 3505 θαυμαστότερα
1211 3449 1277 3488 τε
1321 3423 1420 3488 καὶ
1466 3425 2052 3505 ἐνθουσιαστικώτερα.
2132 3425 2338 3508 Atque
2384 3424 2450 3488 in

447 3547 566 3610 fine
610 3547 665 3609 ei
710 3545 959 3609 mandat
1000 3552 1071 3610 ut
1100 3543 1415 3628 epistolam
1446 3515 1666 3608 lectam
1698 3551 1758 3608 et
1789 3543 2072 3608 relectam
2103 3541 2448 3607 comburat:

446 3664 641 3746 ἔρρωσο
699 3663 797 3728 καὶ
860 3662 1084 3739 πείθου,
1146 3663 1244 3727 καὶ
1306 3665 1409 3737 τὴν
1460 3664 1769 3736 ἐπιστολὴν
1827 3663 2049 3736 ταύτην
2095 3668 2192 3726 νῦν
2235 3665 2451 3741 πρῶτον

448 3783 731 3854 πολλάκις
790 3763 1076 3859 ἀναγνοὺς
1128 3781 1518 3846 κατάκαυσον.
1611 3779 1705 3844 Ex
1750 3780 1845 3843 his
1891 3780 2212 3844 manifesto
2273 3801 2454 3863 appa·

446 3911 539 3967 ret
554 3953 573 3980 ,
620 3902 864 3966 Platoni
908 3902 1008 3965 hic
1054 3899 1244 3964 tribui
1290 3921 1568 3963 arcanam
1615 3899 1968 3985 sapientiam
1984 3948 2003 3977 ,
2045 3920 2198 3982 quae
2231 3898 2456 3982 placita

449 4022 523 4086 de
568 4021 751 4086 rebus
794 4018 1119 4084 reconditis
1163 4027 1319 4082 tecte
1366 4025 1427 4081 et
1471 4019 1917 4095 αἰνιγματωδῶς
1965 4017 2234 4094 efferret,
2283 4026 2355 4080 ut
2384 4038 2456 4082 ea

450 4138 654 4223 legens
700 4159 877 4202 nemo
924 4136 1287 4221 intelligeret
1322 4135 1443 4199 nisi
1464 4135 1794 4220 sapientiae
1827 4135 2126 4219 mysteriis
2156 4135 2454 4198 initiatus.

539 4257 619 4320 Et
664 4279 807 4320 sane
852 4278 1007 4340 quae
1036 4257 1100 4318 in
1132 4256 1341 4320 eadem
1372 4255 1630 4338 epistola
1657 4255 1730 4318 ad
1758 4255 1919 4316 Dion
1961 4255 2119 4317 sium
2143 4253 2452 4337 profatur,

1611 4365 1952 4555 ,ᾷςῇεῑῇ
1962 4379 2330 4507 kjfflfflzsffi
