3092 5084
1591 498 1714 558 154

628 702 728 767 καὶ
774 709 876 768 τοῦ
914 704 1054 779 ἐμοῦ
1087 702 1304 781 πατρὸς
1333 750 1346 765 .
1378 752 1391 766 .
1422 752 1437 767 .
1456 751 1474 780 ,
1516 702 1770 783 δεύτερον
1793 702 1874 767 ,δὲ
1905 702 1970 777 δὴ
2004 704 2247 768 ποιεῖσθε
2269 704 2532 781 βασιλέα
2557 707 2654 770 τὸν

628 825 710 902 τῷ
746 822 853 896 μὲν
888 822 1007 900 ἐμῷ
1047 802 1225 900 πατρὶ
1264 821 1480 885 ταύτὸν
1509 820 1854 898 κεκτημένον
1887 819 2069 919 §voum
2106 823 2510 907 (Ἱππαρῖνον),
2538 823 2657 887 υἱὸν

631 940 690 1003 δὲ
725 940 1043 1017 Διονυσίου,
1078 938 1255 1019 χάριν
1278 948 1381 1014 τῆς
1403 964 1473 1004 τε
1497 940 1564 1009 δὴ
1589 945 1682 1005 νῦν
1707 939 1976 1016 βοηθείας
1993 942 2092 1005 καὶ
2121 940 2271 1006 ὁσίου
2295 940 2500 1018 τρόπου
2520 992 2534 1005 .
2563 992 2579 1007 .
2599 994 2612 1007 .
2637 991 2654 1018 ,

632 1057 813 1138 τρίτον
872 1058 930 1123 δὲ
956 1110 968 1120 .
996 1107 1011 1122 .
1042 1106 1055 1120 .
1122 1058 1410 1124 Διονύσιον
1470 1058 1566 1123 τὸν
1630 1058 1952 1133 Διονυσίου,
2019 1058 2120 1123 ἐὰν
2180 1058 2343 1138 ἐθέλῃ
2397 1059 2532 1123 ἑκὼν
2576 1060 2656 1129 εἷς

632 1178 925 1255 βασιλέως
988 1186 1207 1257 σχῆμα
1267 1175 1786 1241 ἀπαλλάττεσθαι.
1848 1200 1906 1261 p.
1978 1178 2104 1239 355
2169 1177 2242 1241 E.
2285 1199 2374 1261 sq.
2464 1176 2657 1241 Totus

634 1295 735 1359 hic
771 1281 952 1359 'locus
999 1296 1089 1359 ita
1132 1302 1517 1382 comparatus
1566 1302 1658 1359 est
1703 1301 1775 1359 ut
1822 1295 2100 1379 ineptum
2145 1296 2449 1360 rhetorem
2481 1296 2658 1359 facile

635 1421 870 1500 arguat.
914 1414 1120 1478 Primo
1145 1414 1374 1478 scilicet
1399 1414 1533 1478 loco
1559 1414 1680 1478 Dio
1701 1414 2088 1479 commendat
2112 1433 2292 1480 suum
2315 1414 2531 1492 filium,
2550 1414 2658 1479 ille

636 1554 820 1617 quem
866 1531 1097 1597 ἄπαιδα
1142 1539 1453 1597 mortuum
1500 1554 1630 1597 esse
1651 1540 1894 1597 constat
1910 1560 1930 1610 3
1967 1535 2008 1617 ¹)
2048 1533 2314 1598 secundo
2340 1534 2472 1599 loco
2508 1532 2659 1617 Hip-

639 1654 952 1739 parinum,
1000 1652 1197 1717 filium
1243 1652 1523 1737 Dionysii
1571 1652 1850 1730 maioris,
1886 1652 1962 1717 de
1993 1674 2116 1738 quo
2147 1653 2330 1717 modo
2361 1651 2656 1729 vidimuS,

638 1771 740 1836 cui
784 1772 1044 1857 scriptor
1087 1789 1213 1835 non
1261 1771 1443 1835 aliam
1487 1770 1567 1835 ob
1612 1793 1860 1835 causam
1907 1771 2206 1835 secundos
2252 1771 2512 1835 honores
2553 1771 2660 1834 tri-

637 1890 841 1955 buisse
902 1889 1178 1968 videtur,
1242 1891 1361 1954 nisi
1422 1890 1592 1974 quod
1649 1890 2010 1976 expellendo
2073 1890 2390 1976 Callippo,
2440 1889 2658 1953 Dionis

637 2009 1022 2074 interfectore
1037 2059 1056 2087 ,
1120 2010 1294 2093 quasi
1340 2008 1507 2073 ultor
1553 2009 1736 2073 huius
1783 2008 1984 2073 caedis
2031 2009 2380 2073 exstitisset.
2452 2007 2658 2071 Tertio

636 2128 771 2192 loco
817 2127 1185 2211 Dionysium
1200 2176 1220 2205 ,
1267 2134 1598 2211 tyrannum
1641 2148 1831 2212 regno
1876 2127 2157 2212 pulsum,
2209 2148 2351 2191 eum
2374 2124 2659 2191 videlicet

638 2264 821 2331 quem
872 2246 951 2311 ob
1015 2245 1347 2310 dissolutos
1401 2265 1600 2311 mores
1647 2253 1708 2310 et
1753 2245 2069 2331 perfidiam
2115 2246 2237 2309 Dio
2281 2243 2496 2309 oderat
2537 2262 2663 2308 ma—

637 2365 798 2429 xime
860 2372 921 2429 et
962 2372 1382 2428 contemserat.
1474 2364 1769 2449 Ignarum
1813 2364 2084 2451 profecto
2129 2363 2317 2429 fuisse
2365 2370 2430 2426 et
2472 2363 2664 2427 homi—

638 2506 789 2549 num
837 2492 897 2549 et
941 2491 1288 2569 temporum
1320 2491 1563 2568 oportet
1609 2484 1716 2569 qui
1761 2483 1908 2547 talia
1953 2468 2205 2547 suafiere
2255 2482 2480 2569 potuit.

726 2777 803 2843 In
827 2777 1036 2843 eadem
1059 2800 1198 2843 vero
1224 2778 1481 2865 epistola
1508 2758 1718 2863 (VIII')
1733 2788 2102 2843 memoratur
2123 2779 2354 2843 factum
2377 2800 2452 2842 ex
2474 2778 2662 2842 histo-

638 2899 730 2963 ria
789 2898 1221 2983 Syracusarum
1282 2906 1501 2964 notatu
1562 2899 1837 2985 dignum.
1932 2898 2219 2983 Loquens
2280 2897 2358 2963 de
2427 2898 2661 2983 origine

639 3016 978 3101 tyrannidis
1024 3016 1187 3101 apud
1232 3015 1642 3102 Syracusanos
1659 3068 1676 3095 ,
1727 3017 1877 3083 dicit
1923 3018 2079 3082 hanc
2124 3017 2472 3083 institutam
2526 3038 2661 3081 esse

643 3137 759 3202 τόθ’
822 3134 917 3202 ὅτε
977 3136 1217 3209 κίνδυνος
1278 3138 1505 3215 ἐγένετο
1566 3137 1822 3219 ἔσχατος
1886 3137 2128 3220 Σικελίᾳ
2172 3147 2244 3217 τῇ
2292 3142 2403 3201 τῶν
2447 3136 2663 3211 Ἐλλή-

644 3279 747 3319 νων
762 3304 781 3337 ,
872 3255 982 3320 ὑπὸ
1050 3255 1447 3335 Καρχηδονίων
1520 3254 1852 3321 άνάστατον
1919 3253 2054 3331 ὅλην
2119 3255 2663 3335 ἐκβαρβαρωθεῖσαν

646 3373 947 3451 γενέσθαι·
1008 3373 1145 3438 τότε
1203 3374 1322 3453 γάρ
1383 3370 1597 3438 εἵλοντο
1653 3374 1939 3439 Διονύσιον
1982 3374 2088 3451 μὲν
2133 3376 2206 3445 ὥς
2253 3374 2368 3439 νέον
2415 3372 2513 3437 καὶ
2561 3396 2665 3437 πο-

644 3491 881 3568 λεμικὸν
939 3490 1037 3555 ἐπὶ
1097 3492 1209 3563 τὰς
1270 3496 1369 3556 τοῦ
1438 3491 1694 3566 πολέμου
1763 3491 2094 3572 πρεπούσας
2159 3493 2320 3572 αὐτῷ
2388 3489 2626 3569 πράξεις
2641 3539 2662 3568 ,

644 3608 977 3688 ξύμβουλον
1020 3610 1080 3675 δὲ
1122 3608 1223 3674 καὶ
1270 3608 1655 3690 πρεσβύτερον
1698 3606 2022 3692 Ἱππαρῖνον
2036 3659 2054 3692 ,
2122 3609 2222 3674 ἐπὶ
2266 3633 2380 3674 om
2389 3610 2515 3691 npiqc
2558 3618 2666 3683 τῆς

648 3727 925 3801 Σικελίας
943 3778 962 3806 ,
1040 3728 1492 3809 αὐτοκράτορας,
1565 3728 1636 3801 ὥς
1696 3736 1882 3812 φασι,
1952 3728 2249 3808 τυράννους
2296 3726 2666 3809 ἐπονομάζον-

719 4106 767 4167 1)
814 4106 887 4155 De
921 4105 1092 4155 Dionis
1124 4100 1255 4164 fisto,
1284 4116 1429 4169 quem
1463 4107 1575 4167 pest
1610 4115 1772 4152 necem
1806 4101 1966 4150 mariti
1999 4100 2143 4150 Arete
2175 4100 2226 4149 in
2245 4115 2432 4149 carcere
2447 4101 2662 4166 peperit,

650 4206 700 4251 et
745 4202 827 4266 qui
873 4202 1006 4251 brevi
1046 4207 1157 4266 post
1200 4216 1311 4250 eum
1344 4204 1496 4250 matre
1529 4200 1580 4249 in
1615 4214 1745 4248 mure
1777 4197 2116 4262 praecipitatus
2151 4200 2224 4245 est
2257 4196 2408 4258 (Plut.
2441 4197 2587 4246 Dion.
2621 4212 2665 4247 c.

654 4298 769 4360 58),
802 4298 1010 4363 cogitare
1043 4297 1181 4365 plane
1215 4297 1445 4347 absonum
1480 4296 1632 4355 foret,
1668 4298 1723 4344 ut
1757 4298 1886 4343 recte
1914 4292 2098 4357 judicat
2133 4292 2384 4352 Salomon,
2420 4308 2468 4357 p.
2504 4293 2584 4341 25.
