3092 5084
1379 469 1455 530 57

411 687 581 740 atum
599 727 616 754 ,
677 678 850 760 quasi
897 676 1176 761 promissi
1223 677 1481 754 oblitus,
1531 677 1663 740 vela
1709 677 2015 740 contrahit
2053 684 2115 740 et
2137 677 2429 740 orationis

409 795 542 858 eius
604 795 998 859 summarium
1061 801 1302 858 tantum
1363 795 1563 872 affert,
1628 795 1769 858 inde
1810 818 1845 858 a
1894 795 2120 859 verbis:
2168 795 2427 859 καταλέ-

407 939 532 990 γων
584 915 642 978 δὲ
695 916 799 989 τήν
845 939 910 978 τε
957 915 1144 995 ἀρχὴν
1187 923 1292 990 τῆς
1343 915 1601 984 Ἰταλίας
1650 915 1771 979 κτὲ.
1867 913 2067 978 Simili
2113 913 2295 978 modo
2342 915 2428 978 in-

407 1034 504 1096 fra
563 1057 623 1119 p.
689 1036 814 1096 339
877 1033 930 1096 Β
991 1033 1214 1096 citatur
1273 1033 1552 1117 Dionysii
1613 1033 1690 1096 ad
1757 1032 2075 1097 Platonem
2130 1033 2423 1118 epistola:

409 1151 548 1232 πρὸς
581 1151 698 1230 γαρ
736 1151 803 1225 δὴ
841 1150 1042 1216 πάντα
1087 1156 1287 1215 ταῦτα
1314 1147 1377 1226 ἦν
1401 1151 1917 1230 παρεσκευασμένη
1942 1153 2073 1236 (mv)
2104 1153 2209 1227 τὴν
2238 1153 2429 1232 ἀρχὴν

408 1267 636 1348 ἔχουσα
675 1271 708 1342 ἡ
741 1269 1013 1342 ἐπιστολὴ
1050 1270 1186 1348 τῇδέ
1225 1294 1306 1350 πῃ
1345 1269 1682 1351 φράζουσα·
1716 1270 2051 1348 »Διονύσιος
2078 1269 2347 1336 Πλάτωνι
2366 1270 2427 1308 ·”

409 1386 496 1450 τοὶ
517 1392 736 1462 νόμιμα
760 1388 854 1453 ἐπὶ
884 1386 1101 1458 τούτοις
1134 1387 1321 1470 εἰπὼν,
1349 1388 1500 1452 οὐδὲν
1523 1389 1589 1452 τὸ
1622 1388 1783 1466 μετα
1814 1394 1983 1454 τοῦτο
2015 1384 2143 1452 εἷπε
2168 1388 2429 1470 πρότερον

410 1505 446 1580 ἢ
497 1507 569 1576 ὡς
615 1504 688 1569 ἂν
733 1507 812 1578 εἰς
858 1506 1132 1571 Σικελίαν
1177 1506 1425 1578 πεισθεὶς
1477 1507 1583 1586 ὑφ’
1634 1511 1794 1584 ἡμῶν
1841 1505 2001 1586 ἔλθῃς
2046 1506 2129 1571 τα
2166 1511 2259 1570 νῦν
2304 1511 2426 1572 κτὲ.

409 1623 642 1709 Incipit
698 1625 873 1709 quasi
917 1630 1110 1688 totam
1157 1625 1476 1709 epistolam
1521 1625 1669 1709 ipsis
1715 1624 1914 1689 verbis
1972 1625 2424 1710 descripturus3

410 1743 522 1806 sed
579 1719 722 1827 post
780 1743 1232 1827 inscriptionem
1287 1723 1587 1815 Διονύσιοςν
1633 1744 1904 1809 Πλάτωνι
1964 1751 2025 1807 et
2077 1745 2159 1808 τα
2206 1744 2428 1821 νόμιμα

409 1861 508 1924 ἐπὶ
557 1861 774 1933 τούτοις
821 1862 1018 1939 εἰπών,
1063 1884 1184 1946 quo
1229 1862 1384 1927 nihi]
1430 1863 1809 1948 significatur
1853 1863 1971 1927 nisi
2005 1862 2257 1927 verbum
2287 1861 2429 1942 χαί-

411 2005 521 2054 ρειν
539 2031 554 2061 ,
591 1980 798 2044 statim
831 1981 895 2048 in
928 1980 1286 2044 indirectam
1322 1981 1657 2046 orationem
1694 1981 2001 2047 delabitur
2035 1990 2095 2045 et
2128 2004 2427 2046 summam

409 2107 657 2164 tantum
726 2098 1016 2184 epistolae
1083 2122 1222 2163 cum
1290 2098 1514 2164 lectore
1584 2101 2010 2165 communicat.
2111 2100 2431 2165 Praeterea

411 2217 570 2282 aliae
616 2224 764 2283 sunt
805 2217 1127 2282 verborum
1173 2217 1488 2303 ambages:
1537 2220 1602 2283 ἐκ
1648 2219 1865 2284 παντὸς
1911 2217 2116 2298 τρόπου
2148 2217 2427 2282 additum

409 2336 612 2400 verbis
680 2335 765 2401 ὅτι
831 2334 1105 2416 τάχιστα
1171 2337 1380 2420 inepta
1446 2346 1538 2402 est
1600 2336 2008 2401 abundantia:
2072 2360 2211 2401 nam
2270 2357 2428 2401 unus

410 2461 658 2519 tantum
704 2461 832 2518 erat
875 2454 1080 2533 τρόπος
1128 2477 1199 2518 ex
1248 2455 1454 2518 Attica
1499 2455 1563 2519 in
1612 2455 1881 2520 Siciliam
1913 2454 2231 2532 veniendi,
2278 2456 2341 2519 h.
2376 2477 2429 2518 e.

411 2573 573 2638 navi.
643 2571 877 2638 Eodem
923 2571 1272 2656 pleonasmo
1320 2595 1469 2638 usus
1516 2579 1609 2638 est
1656 2573 1839 2658 paulo
1886 2580 2055 2656 ante,
2089 2597 2149 2659 p.
2186 2575 2310 2638 327
2348 2571 2427 2636 G:

413 2692 560 2774 ᾠήθη
623 2691 734 2755 δεῖν
795 2692 858 2754 ἐκ
909 2690 1126 2764 παντὸς
1187 2691 1392 2772 τρόπου
1449 2692 1527 2764 εἷς
1591 2702 1709 2772 Συρ
1728 2742 1742 2757 .
1798 2689 1883 2756 ὅτι
1932 2691 2203 2772 τάχιστα
2248 2691 2431 2756 ἐλθεῖν

412 2808 539 2885 ἐμέ.
603 2810 830 2894 Arguit
849 2810 966 2874 hoc
997 2810 1284 2894 putidum
1316 2810 1685 2874 imitatorem
1715 2811 1989 2875 Platonis
2004 2861 2021 2888 ,
2058 2811 2164 2894 qui
2189 2811 2430 2895 saepius

412 2929 530 2992 hac
575 2929 838 2993 formula
881 2930 1113 3006 utitur,
1163 2929 1266 2993 sed
1311 2937 1508 3008 recte,
1556 2930 1747 2994 veluti
1777 2929 2049 3015 Euthyd.
2085 2952 2144 3014 p.
2180 2931 2308 2992 382
2342 2929 2427 2992 A:

413 3049 504 3112 δεῖ
542 3048 608 3123 δὴ
661 3049 725 3113 ἐκ
777 3047 992 3120 παντὸς
1040 3047 1245 3128 τρόπου
1289 3045 1511 3115 ἅπαντ’
1559 3047 1737 3131 ἄνδρα
1782 3055 1949 3114 τοῦτο
1996 3046 2431 3128 παρασκευάζε-

413 3168 582 3242 σθαι,
627 3164 776 3238 ὅπως
835 3169 906 3237 ὡς
967 3167 1306 3247 σοφώτατος
1370 3167 1571 3232 ἔσταιε
1630 3169 1783 3232 omni
1830 3169 2026 3245 modo,
2076 3175 2223 3230 sunt
2268 3167 2429 3231 enim

414 3284 566 3348 varii
609 3284 777 3348 modi
821 3285 1150 3370 sapientiae
1197 3287 1621 3370 assequendae.
1672 3286 1764 3349 De
1810 3285 1959 3370 Rep.
2011 3284 2141 3363 VI,
2176 3287 2303 3348 499
2338 3285 2426 3347 A:

415 3403 605 3485 ζητεῖν
665 3405 770 3479 μὲν
827 3404 934 3478 τὴν
991 3405 1266 3478 οἶληθείαν
1319 3403 1755 3481 ξυντεταμένως
1816 3407 1882 3470 ἐκ
1927 3405 2145 3476 παντὸς
2193 3404 2426 3485 τρόπους

419 3521 687 3585 diversae
748 3523 974 3608 quippe
1036 3529 1182 3589 sunt
1242 3522 1624 3608 indagandae
1667 3523 1935 3587 veritatis
1981 3523 2133 3586 viae.
2226 3521 2429 3586 Etiam

420 3641 568 3704 alias
627 3640 982 3707 huiusmodi
1039 3641 1380 3706 locutiones
1441 3665 1477 3705 a
1544 3641 1801 3706 Platone
1855 3642 2164 3706 desumtas
2226 3649 2433 3706 noster

419 3759 620 3844 inepte
680 3760 924 3837 inserit,
983 3765 1055 3824 ut
1097 3761 1260 3825 κατα
1303 3760 1540 3842 τρόπον,
1591 3784 1651 3845 p.
1700 3763 1829 3824 330
1876 3761 1969 3824 D:
2018 3760 2181 3824 κατὰ
2228 3759 2430 3841 τρόπον

419 3878 540 3958 ὀρθῇ
586 3877 957 3957 πορευομένης
1003 3878 1104 3958 ὁδῷ
1150 3887 1255 3952 τῆς
1303 3879 1636 3950 πολιτείαςε
1683 3879 1845 3943 κατὰ
1882 3877 2091 3958 ’τρόπον
2132 3878 2431 3962 significat

420 4002 784 4060 consentaneo
829 3998 990 4059 modo
1004 4045 1024 4074 ,
1069 3997 1183 4060 rite
1197 4024 1224 4072 ;
1283 3997 1412 4081 jam
1457 3995 1622 4080 quod
1668 3999 1791 4077 ὄρθῇ
1840 3995 1941 4077 ὀδῷ
1980 3994 2276 4076 πορεύεται
2312 3996 2430 4060 hoc
2466 4082 2473 4090 ἱ

421 4133 562 4175 sane
605 4111 768 4176 κατὰ
812 4117 1013 4191 τρόπον
1059 4112 1378 4192 πορεύεται.
1473 4113 1713 4177 Ibidem
1760 4113 1941 4199 paulo
1989 4121 2127 4198 post
2172 4135 2283 4199 pro
2313 4113 2430 4177 hoc

423 4229 592 4314 ponit
637 4227 693 4294 ἔν
744 4253 852 4292 τινι
903 4228 1124 4309 τρόπῳ,
1173 4252 1230 4314 p.
1281 4232 1404 4292 331
1457 4229 1545 4292 B:
1595 4229 1667 4294 ἂν
1712 4231 1820 4307 μέν
1864 4253 1959 4308 μοι
2006 4230 2071 4295 τὸ
2118 4231 2246 4294 καθ’
2292 4228 2429 4308 ἧμέ·
