3092 5084
1402 444 1526 506 103

454 672 524 711 ea
568 650 918 716 conditione
962 657 1034 713 ut
1078 649 1460 733 tyrannidem
1508 650 1574 713 in
1617 649 1927 726 βασιλείαν
1974 657 2170 713 vertat
2211 651 2292 733 (p.
2347 653 2473 712 356

454 767 508 829 A
548 769 659 851 sq).
753 767 991 832 Deinde
1044 767 1219 831 docet
1270 768 1710 853 rempublicam
1757 769 1844 831 sic
1891 768 2293 832 ordinandam
2341 790 2473 832 esse

452 887 547 947 uti
606 892 783 950 antea
844 886 1073 949 dictum
1136 892 1323 949 esset:
1374 886 1842 950 assentientibus
1888 887 2134 971 regibus
2183 886 2474 951 creandos

452 1025 582 1069 esse
648 1003 879 1089 legatos
896 1054 915 1081 ,
987 1004 1093 1088 qui
1160 1005 1327 1085 κύριοι
1372 1010 1481 1069 τῶν
1534 1005 1875 1083 διαλλαγῶν
1919 1014 2166 1094 pactum
2212 1005 2437 1069 faciant
2453 1056 2472 1083 ,

451 1131 585 1186 tum
630 1122 1070 1207 rempublicam
1116 1123 1397 1188 ordinent
1426 1124 1546 1201 ita,
1581 1131 1654 1187 ut
1683 1124 1954 1209 praesint
1985 1147 2154 1209 reges
2182 1134 2474 1214 tanquam

454 1264 764 1307 sacrorum
824 1242 1123 1307 antistites
1139 1292 1157 1320 ,
1220 1243 1315 1306 his
1378 1241 1682 1306 addantur
1737 1241 1981 1305 XXXV
2027 1243 2432 1324 νομοφύλακες
2450 1293 2468 1325 ,

456 1360 561 1443 qui
606 1382 745 1425 cum
790 1362 949 1441 δήμῳ
988 1368 1047 1425 et
1074 1362 1261 1439 βουλῇ
1294 1362 1369 1425 de
1402 1362 1564 1425 bello
1597 1368 1657 1425 et
1687 1384 1834 1445 pace
1866 1361 2228 1439 decernant,
2263 1362 2473 1426 iidem-

454 1501 571 1561 que
631 1480 755 1543 sint
799 1479 1045 1564 ‚judices
1098 1478 1343 1544 θανάτου
1388 1480 1486 1544 καὶ
1530 1489 1770 1562 φυγῆς,
1820 1480 2043 1544 additis
2091 1481 2327 1571 selectis
2375 1483 2468 1565 ju-

451 1598 689 1663 dicibus
748 1622 781 1663 e
824 1600 1291 1683 magistratuum
1339 1598 1630 1685 collegiis·
1725 1598 1893 1664 Haec
1939 1600 2193 1663 consilia
2245 1600 2470 1664 fatetur

451 1716 670 1783 effectu
716 1716 983 1781 difficilia
1030 1718 1277 1802 quidem
1324 1740 1487 1795 esse,
1534 1740 1660 1781 non
1692 1725 1900 1782 tamen
1926 1718 2212 1783 άδύνατα.
2263 1717 2470 1815 Quare

450 1841 583 1899 orat
612 1858 689 1899 ne
719 1836 888 1921 prius
919 1836 1249 1913 desistant,
1298 1858 1483 1921 quam
1513 1859 1612 1913 ea,
1662 1858 1819 1919 quae
1849 1859 2016 1901 nune
2047 1838 2170 1901 θεῖα
2203 1837 2470 1917 ὀνείρατα

444 1952 729 2019 videntur
743 2004 761 2033 ‚
809 1961 940 2021 rata
986 1962 1047 2019 et
1092 1956 1302 2036 effecta
1346 1954 1742 2020 reddiderint.

1295 2093 1324 2129 ἢ

440 2186 449 2193 “
528 2190 866 2275 Epistulam
927 2191 1083 2255 hanc
1142 2191 1427 2255 nonnulli
1491 2199 1728 2275 partem
1777 2213 1905 2255 esse
1952 2196 2324 2277 putaverunt
2369 2214 2466 2255 su-

434 2310 688 2395 perioris
754 2310 911 2374 male
972 2310 1115 2375 inde
1174 2310 1479 2376 divulsam
1499 2360 1518 2388 ,
1576 2318 1712 2374 tum
1774 2310 1852 2374 ob
1916 2310 2112 2395 prima
2173 2310 2464 2395 epistolae

436 2428 651 2493 verba:
714 2426 799 2495 “A
843 2429 891 2493 δ’
930 2428 1004 2495 ἂν
1051 2429 1426 2507 διανοηθέντες
1474 2429 1752 2509 μάλιστα
1804 2423 1867 2494 εὖ
1911 2429 2222 2510 πράττοιτε
2238 2478 2260 2517 ,,
2309 2450 2464 2513 quae

435 2570 561 2613 non
621 2547 984 2612 videbantur
1037 2549 1274 2633 justum
1332 2549 1585 2630 initium
1645 2549 1841 2613 facere
1857 2598 1875 2626 ‚
1939 2556 2076 2611 tum
2136 2547 2304 2631 quod
2350 2548 2464 2611 hac

432 2666 691 2751 epistola
751 2667 1165 2733 contineretur
1210 2671 1243 2744 ἡ
1287 2667 1596 2748 ξυμβουλὴ
1649 2668 1716 2731 111
1761 2668 1961 2753 priore
2009 2666 2268 2753 epistola
2316 2683 2450 2751 pro-

430 2784 634 2849 missa.
704 2787 791 2849 At
835 2786 1082 2851 initium
1126 2794 1286 2851 recte
1332 2810 1396 2851 se
1442 2786 1630 2851 habet
1651 2836 1669 2864 ‚
1718 2786 1771 2849 si
1801 2785 2337 2851 animadvertimus
2375 2808 2462 2849 sa-

432 2903 795 2970 lutationem
839 2912 1072 2989 partem
1118 2927 1247 2972 esse
1290 2906 1485 2991 ipsius
1535 2904 1859 2989 epistolae3
1911 2927 2099 2990 quare
2129 2911 2460 2989 praeeunte

431 3021 785 3088 Hermanno
830 3024 1305 3109 interpungatur
1351 3024 1467 3088 hoc
1513 3023 1732 3088 modo:
1783 3024 2037 3088 Πλάτων
2084 3030 2202 3095 τοῖς
2249 3013 2460 3095 Δίωνος

431 3141 644 3215 οἰκείοις
704 3167 772 3207 τε
833 3142 931 3207 καὶ
993 3144 1229 3225 ἑταίροις
1290 3140 1357 3209 εὖ
1417 3141 1694 3224 πράττειν
1718 3192 1737 3225 ,
1798 3140 1841 3205 ἃ
1885 3142 1933 3206 δ’
1959 3140 2031 3207 ἂν
2077 3142 2456 3216 διανοηθέντες

432 3260 706 3337 μάλιστα
756 3257 821 3326 εὖ
864 3260 1176 3343 πράττοιτε
1220 3261 1392 3335 ὅντως
1438 3261 1785 3342 πειράσομαι
1836 3259 2152 3337 διεξελθεῖν.
2179 3297 2192 3315 ·
2248 3259 2458 3324 Simile

433 3386 524 3442 est
582 3378 830 3455 initium
889 3379 1199 3466 Epistulae
1261 3376 1461 3458 XIII,
1525 3378 1692 3463 quod
1754 3379 1902 3443 item
1960 3378 2118 3443 male
2165 3379 2320 3442 solet
2363 3379 2453 3442 in·

431 3497 751 3583 terpungi,
818 3498 905 3561 sic
953 3498 1313 3583 legendum:
1393 3496 1704 3564 Πλάτων
1752 3497 2086 3577 Διονυσίῳ
2147 3496 2455 3577 τυράννῳ

435 3620 915 3695 Συρακουσιῶν
969 3613 1043 3681 εὖ
1086 3615 1425 3695 πράττειν
1467 3616 1630 3697 άρχή
1680 3639 1762 3680 σοι
1807 3623 1912 3690 τῆς
1958 3616 2269 3690 ἐπιστολῆς
2305 3595 2452 3681 ἔστώ

430 3733 529 3797 καὶ
575 3732 711 3810 ἅμα
756 3733 1052 3813 ξύμβολον
1096 3734 1180 3802 ὅτι
1226 3738 1363 3815 παρ’
1386 3736 1527 3813 ἐμοῦ
1563 3735 1721 3800 ἐστίε
1771 3734 1831 3797 11.
1867 3756 1917 3797 0.
1951 3734 2306 3812 „salutandi
2340 3734 2455 3797 for·
2535 3757 2542 3766 “

431 3852 631 3917 mula:
717 3851 969 3917 Πλάτων
1048 3853 1317 3934 Διονυσίῳ
1392 3850 1456 3918 εὖ
1532 3852 1807 3933 πράττειν
1875 3853 2021 3937 (qua
2092 3860 2449 3937 personatus

431 3970 605 4035 Plato
652 3971 748 4035 uti
792 3971 947 4037 solet
992 3994 1101 4057 pro
1146 3972 1386 4057 vulgari
1428 3972 1688 4053 χαίρειν,
1738 3969 1812 4035 cf.
1867 3993 2052 4055 supra
2097 3992 2157 4055 p.
2218 3972 2298 4033 89
2335 3974 2450 4056 sq.)

339 4148 344 4155 .
429 4090 545 4154 tibi
605 4090 971 4156 documento
1034 4092 1148 4169 sit,
1214 4092 1369 4155 hanc
1432 4089 1750 4175 epistolam
1812 4111 1846 4152 a
1902 4088 2158 4153 Platone
2204 4090 2448 4154 missam

434 4208 623 4275 esse.''
714 4209 825 4273 Uti
894 4217 1095 4275 autem
1162 4210 1311 4275 haee
1378 4208 1636 4295 epistola
1703 4206 1910 4294 (VIII)
1973 4209 2210 4293 justum
2264 4209 2448 4272 habet
