3092 5084
1362 500 1487 562 203

422 709 612 772 tentia
674 718 874 772 essent
937 709 1263 794 expositae.
1358 707 1474 770 His
1530 729 1654 770 non
1719 728 1892 770 snam
1939 706 2132 790 ipsius
2180 703 2286 768 sed
2332 703 2436 765 So-

420 828 603 892 cratis
648 827 1097 912 philosophiam
1143 821 1439 890 contineri
1484 825 1635 890 dicit
1665 825 1729 888 in
1762 820 2039 910 Epistola
2070 823 2139 887 II
2155 872 2174 900 ,
2208 845 2268 908 p.
2303 824 2434 886 314

423 945 475 1008 B
492 995 511 1024 ,
562 945 638 1008 ad
684 945 1047 1030 Dionysium
1094 945 1244 1008 haec
1289 943 1591 1008 scribens:
1655 942 1912 1021 μεγίστη
1973 943 2032 1006 δὲ
2077 942 2322 1022 φυλακὴ
2366 939 2434 1005 τὸ

420 1069 505 1141 μὴ
549 1065 801 1146 γράφειν
818 1113 835 1140 ,
859 1115 873 1128 .
896 1115 907 1126 .
930 1113 945 1128 .
996 1066 1061 1128 οὐ
1090 1065 1209 1144 γαρ
1247 1065 1369 1128 ἐστι
1408 1064 1491 1126 τα
1526 1063 1842 1144 γραφέντα
1881 1065 1966 1139 μὴ
2003 1063 2104 1126 οὐκ
2141 1061 2432 1125 ἐκπεσεῖν.

423 1185 515 1249 διὰ
559 1187 733 1249 ταῦτ’
778 1149 930 1248 οὐδ’ἐν
982 1183 1205 1247 πώποτ’
1243 1183 1357 1259 ἐγὼ
1403 1182 1529 1262 περὶ
1575 1181 1789 1246 τούτων
1835 1181 2128 1262 γέγραφα
2165 1179 2278 1244 οὐδ’
2309 1180 2432 1244 ἔστι

308 1328 313 1330 ·
422 1301 803 1380 ξύγγραμμα
844 1300 1153 1372 Πλάτωνος
1200 1301 1353 1364 οὐδὲν
1398 1298 1509 1364 οὐδ’
1559 1298 1724 1364 ἔσται
1736 1349 1754 1382 ‚
1801 1300 1884 1365 τοὶ
1929 1299 1988 1363 δὲ
2009 1304 2104 1363 νῦν
2127 1297 2430 1374 λεγόμενα

424 1420 760 1500 Σωκράτους
806 1419 927 1484 ἐστὶ
973 1425 1157 1485 καλοῦ
1206 1419 1303 1483 καὶ
1336 1421 1453 1484 νέου
1484 1418 1791 1496 γεγονότος
1813 1467 1827 1483 .
1859 1421 1908 1502 ¹)
1947 1418 2009 1482 h.
2036 1439 2090 1482 e.
2123 1416 2245 1495 „de
2277 1416 2439 1501 prin-

426 1539 599 1624 cipiis
658 1537 1077 1623 philosophiae
1140 1537 1433 1622 scriptum
1478 1536 1722 1601 nullum
1768 1535 2041 1600 Platonis
2089 1542 2284 1600 exstat
2331 1544 2440 1599 aut

426 1657 685 1722 exstabit
696 1684 715 1734 3
764 1678 918 1741 quae
958 1665 1163 1720 autem
1192 1678 1327 1721 meo
1356 1657 1603 1721 nomine
1632 1657 1926 1741 inscripta
1953 1655 2264 1733 feruntur,
2313 1676 2439 1718 non

426 1797 621 1839 meam
666 1775 1004 1840 doctrinam
1049 1776 1364 1841 continent
1410 1777 1517 1840 sed
1557 1775 1815 1861 effigiem
1841 1777 2130 1840 referunt
2173 1773 2439 1838 Socratis

427 1893 511 1976 (h.
537 1916 588 1957 e.
622 1893 914 1958 Socratici
945 1894 1281 1960 disserendi
1318 1896 1562 1980 moris),
1614 1906 1674 1960 et
1705 1895 1949 1980 quidem
1981 1893 2244 1957 Socratis
2260 1942 2276 1969 ,
2317 1912 2440 1954 non

428 2011 625 2096 qualis
688 2013 805 2075 fuit
865 2013 1041 2077 annis
1090 2022 1150 2076 et
1196 2015 1493 2102 sapientia
1558 2022 1862 2091 maturus,
1913 2013 2020 2077 sed
2073 2011 2270 2095 qualis
2325 2010 2442 2090 fnit

428 2129 775 2195 adolescens
824 2141 885 2194 et
930 2131 1127 2195 bellus
1176 2155 1224 2195 S.
1258 2131 1499 2217 lepidus
1548 2155 1616 2196 ac
1646 2133 1944 2197 facetuS.'’
2013 2132 2176 2216 Ergo
2209 2129 2436 2214 dialogi

427 2221 550 2312 non
597 2257 743 2313 sunt
786 2271 969 2335 opera
1012 2251 1199 2327 seria,
1257 2250 1368 2315 sed
1413 2251 1651 2315 ludicra
1695 2252 1932 2335 potiuS,
1983 2275 2017 2314 e
2061 2250 2284 2334 quibus
2329 2269 2442 2312 nec

428 2366 701 2432 Platonis
762 2389 960 2452 neque
1018 2368 1211 2454 ipsius
1277 2368 1542 2435 Socratis
1607 2370 1907 2455 sapientia
1953 2369 2180 2454 percipi
2227 2369 2438 2452 possit.

427 2484 602 2550 Idem
670 2487 736 2550 111
802 2485 1079 2571 Epistola
1147 2486 1277 2550 VII
1346 2487 1573 2552 diserte
1645 2488 1980 2553 affirmatur
2044 2487 2140 2550 his
2211 2485 2409 2550 verbis
2424 2535 2443 2564 ,

428 2626 489 2689 p.
554 2604 680 2667 341
742 2603 826 2681 B,
890 2602 974 2668 C:
1027 2603 1255 2670 τοσόνδε
1298 2630 1373 2683 γε
1418 2609 1535 2683 μὴν
1581 2605 1707 2686 περὶ
1753 2607 1988 2672 πάντων
2031 2605 2154 2687 ἔχω
2204 2603 2446 2687 φράζειν

428 2727 537 2786 τῶν
575 2721 965 2804 γεγραφότων
1000 2723 1100 2788 καὶ
1139 2723 1479 2804 γραψόντων
1496 2745 1512 2762 ·
1543 2776 1557 2789 .
1589 2776 1602 2788 .
1633 2776 1647 2790 .
1698 2724 1929 2794 τούτους
1979 2727 2078 2789 οὐκ
2117 2724 2241 2788 ἔστι
2284 2723 2446 2788 κατά

430 2863 505 2916 γε
547 2842 652 2914 την
690 2841 834 2916 ἐμην
871 2839 1041 2916 δόξαν
1073 2843 1199 2920 περὶ
1228 2848 1331 2907 τοῦ
1365 2841 1718 2920 πράγματος
1753 2843 1974 2906 ἐπαΐειν
2003 2841 2156 2906 οὐδέν
2183 2892 2197 2907 .
2249 2841 2446 2905 οὔκουν

338 2937 341 2942 ¹
430 2959 566 3036 ἐμόν
619 2983 694 3035 γε
733 2959 858 3038 περὶ
896 2961 1081 3024 αὐτῶν
1126 2961 1245 3025 ἐστὶ
1286 2959 1670 3040 ἓύγγραμμα
1727 2962 1848 3026 οὐδὲ
1888 2963 2118 3037 μήποτε
2158 2958 2441 3038 γένηται·

430 3075 589 3156 ῥητὸν
634 3077 752 3158 γὰρ
797 3077 1057 3152 οὐδαμῶς
1102 3079 1258 3142 ἐστὶν
1300 3081 1373 3149 ὡς
1412 3076 1580 3141 ἄλλα
1622 3079 1984 3157 μαθήματα,
2027 3079 2167 3142 ἀλλ’
2204 3078 2270 3142 ἐκ
2309 3091 2449 3140 πολ-

431 3204 537 3270 λῆς
596 3194 892 3271 ξυνουσίας
950 3196 1295 3273 γιγνομένης
1358 3197 1483 3275 περὶ
1544 3198 1612 3262 τὸ
1673 3203 1933 3276 πρᾶγμα
1993 3197 2140 3262 αὐτὸ
2189 3197 2288 3262 καὶ
2335 3199 2447 3280 (ἐκ)

431 3320 532 3379 τοῦ
578 3313 747 3394 συζῆν
792 3312 1069 3394 ἐξαίφνης
1114 3311 1219 3378 οἷον
1262 3316 1383 3380 einh
1423 3316 1594 3395 πυρὸς
1635 3316 1995 3391 πηδήσαντος
2033 3315 2281 3394 ἐξαφθὲν
2320 3323 2446 3394 φῶς

501 3613 549 3674 1)
588 3613 720 3662 Idem
764 3613 1093 3671 enuntiatum,
1143 3615 1251 3662 inde
1285 3632 1313 3663 a
1348 3615 1502 3665 verbis
1536 3613 1628 3667 οὐδ’
1655 3621 1757 3669 ἔστι
1790 3618 2078 3686 εϋγγραμμα
2112 3615 2329 3664 Platonis
2364 3631 2448 3662 uo-

436 3710 562 3759 mine
605 3709 781 3760 citatur
826 3710 878 3757 in
922 3710 1053 3758 Socr.
1100 3710 1255 3775 Epist.
1290 3711 1389 3761 XV.
1460 3713 1683 3761 Diversae
1717 3713 1889 3761 horum
1927 3711 2178 3760 verborum
2215 3709 2449 3774 interpre-

435 3805 639 3854 tationes
684 3809 1007 3854 memorantur
1054 3822 1083 3854 a
1114 3807 1418 3871 Wiegsndio,
1454 3808 1485 3857 1.
1521 3809 1554 3857 l.
1591 3823 1635 3871 p.
1672 3809 1736 3857 24
1769 3823 1900 3872 sqq„
1935 3807 2017 3870 qui
2051 3807 2153 3870 ipse
2182 3807 2450 3855 Hei-menni

338 3895 347 3904 ⁶
434 3899 871 3966 interpretationem
908 3900 1123 3964 sequitur
1137 3922 1150 3948 ε
1204 3901 1373 3961 „alles,
1427 3919 1520 3951 was
1573 3909 1712 3952 unter
1744 3901 1926 3952 Plato’s
1963 3902 2146 3951 Numen
2179 3900 2450 3950 schriftlich

436 3995 647 4051 existire,
682 3994 854 4059 gehore
888 3995 1010 4044 dem
1046 3996 1401 4061 verjiingten
1438 3999 1552 4046 und
1588 3998 2059 4048 verschiinerten
2088 3997 2308 4046 Socrates
2330 3995 2455 4055 an,'’

436 4093 663 4153 putatque
706 4107 735 4139 a
778 4090 1005 4155 scriptore
1044 4091 1269 4156 distingui
1323 4093 1593 4151 Socratem,
1641 4093 1795 4157 qualis
1853 4093 1902 4141 in
1945 4092 2068 4141 vivis
2115 4098 2243 4149 erat,
2291 4109 2318 4140 a
2368 4093 2450 4140 So-

436 4191 561 4233 crate
595 4185 841 4234 Platonico
886 4186 943 4234 ad
978 4185 1181 4250 effigiem
1216 4187 1413 4250 perfecti
1448 4187 1716 4252 philosophi
1753 4187 1959 4251 scripto,
1997 4201 2136 4250 quem
2177 4187 2443 4253 germanice

439 4279 611 4332 dixeris
644 4279 749 4330 deu
788 4279 1167 4335 idealisirten
1202 4282 1495 4336 Socrates.
