3092 5084
1422 505 1552 565 229

569 709 901 796 Postquam
948 710 1025 774 de
1069 711 1267 796 primo
1310 711 1529 774 itinere
1576 711 1654 774 ad
1677 711 2041 796 Dionysium
2072 711 2367 776 minorem
2401 733 2498 778 ex-

477 829 718 912 posuit,
782 829 931 894 haec
976 828 1225 915 subjicit
1270 852 1331 915 p.
1381 832 1511 894 330
1559 829 1640 893 G:
1690 826 1762 894 ὧν
1807 831 1856 894 δ’
1882 825 2054 896 ἕνεκα
2099 829 2302 915 (πάλιν
2347 832 2496 896 οἷπε-

476 947 714 1025 δήμησα
773 949 853 1019 εἷς
914 945 1312 1032 Συρακούσας)
1372 947 1470 1012 καὶ
1510 945 1598 1012 ὃ’σ’
1643 945 1878 1026 ἔπραξα
1924 949 1996 1022 ὥς
2042 947 2242 1014 εἰκότα
2283 973 2352 1013 τε
2396 949 2496 1014 καὶ

476 1064 672 1129 δίκαια
697 1114 710 1129 .
740 1116 755 1130 .
784 1114 799 1131 .
848 1062 1074 1147 ὕστερον
1118 1063 1387 1144 διέξειμι,
1428 1065 1491 1131 h.
1516 1089 1570 1130 e.
1611 1066 1882 1150 „quibus
1899 1067 2242 1132 rationibus
2263 1067 2494 1153 impul-

478 1206 582 1249 sus
616 1183 730 1248 sim
770 1192 845 1248 ut
885 1185 1108 1250 iterum
1140 1184 1467 1270 Syracusas
1504 1185 1919 1274 proficiscerer
1931 1233 1950 1264 ,
2000 1193 2182 1270 atque
2229 1209 2386 1270 quae
2430 1187 2496 1252 in

478 1302 757 1388 Dionysii
802 1303 947 1368 aula
988 1303 1105 1369 feci
1148 1303 1407 1370 honesta
1452 1311 1514 1369 et
1553 1304 1724 1390 justa
1751 1304 1939 1369 fuisse
1954 1353 1974 1383 ,
2008 1312 2221 1390 postea
2251 1305 2498 1370 demon·

476 1421 744 1488 strab0.”
775 1421 1067 1488 Similiter
1096 1444 1291 1508 quum
1321 1423 1400 1487 ad
1430 1422 1692 1488 alterum
1724 1423 1842 1488 iter
1870 1424 2125 1516 transit,
2157 1423 2308 1489 haec
2333 1447 2498 1510 prae-

476 1539 708 1606 mittit:
758 1544 791 1617 ἦ
837 1539 885 1606 δ”
910 1541 1121 1622 ὑστέρα
1166 1541 1364 1623 πορεία
1409 1565 1479 1607 τε
1521 1543 1620 1608 καὶ
1667 1547 1852 1614 πλοῦς
1895 1517 1992 1614 ὣς·
2014 1543 2243 1616 εἰκότως
2283 1543 2333 1608 θ’
2356 1540 2494 1621 ἅμα

475 1659 575 1724 καὶ
636 1659 908 1738 ἐμμελῶς
975 1661 1215 1738 γέγονεν
1232 1711 1250 1736 ,
1316 1655 1358 1743 ᾧ
1424 1660 1592 1738 μέλει
1652 1660 1879 1726 ἀκούειν·
1937 1659 2128 1736 ἔξεστι
2192 1661 2264 1726 ,τὸ
2332 1661 2494 1738 μετὰ,Ι

476 1785 661 1845 τοῦτο.
726 1801 787 1866 p.
852 1781 977 1844 33⁷
1044 1777 1117 1844 E.
1209 1779 1495 1864 Denique
1563 1779 1848 1844 omnibus
1915 1780 2208 1844 enarratis
2268 1779 2496 1844 librum

476 1896 710 1961 claudit
769 1897 866 1960 his
924 1896 1165 1962 verbis:
1228 1893 1302 1962 ὧν
1344 1897 1394 1960 δ’
1423 1896 1795 1976 ἐπανέλαβον
1839 1896 2010 1964 ἕνεκα
2052 1899 2156 1974 τὴν
2202 1898 2281 1969 εἷς
2332 1908 2498 1964 Σικε-

474 2014 611 2080 λίαν
647 2012 858 2098 ,ἄφιξιν
900 2017 1005 2091 τὴν
1049 2015 1317 2097 δευτέραν
1330 2065 1349 2100 ‚
1411 2017 1738 2096 αναγκαῖον
1796 2011 1938 2082 εἶναι
1995 2014 2148 2095 ἔδοξέ
2191 2040 2288 2096 μοι
2334 2017 2494 2098 ῥηθῆ-

476 2157 569 2200 ναι
638 2133 753 2198 δεῖν
818 2134 913 2200 διὰ
956 2134 1061 2208 τὴν
1104 2133 1357 2200 ἀτοπίαν
1400 2135 1499 2200 καὶ
1542 2135 1799 2212 οὶλογίαν
1841 2140 1954 2200 τῶν
1999 2135 2319 2214 γενομένων
2373 2137 2494 2220 (λε-

474 2251 732 2356 γομένων
746 2250 797 2337 Ρ)
816 2271 831 2288 ·
899 2255 950 2318 εἰ
1008 2253 1059 2317 δ’
1082 2249 1199 2334 ἄρα
1216 2251 1343 2318 Δτινὶ
1386 2254 1469 2318 τοὶ
1528 2259 1624 2318 νῦν
1683 2252 1894 2336 ῥηθέντ’
1950 2253 2296 2335 semmaa-29²
2336 2253 2490 2336 ἐφοί-

476 2395 539 2448 vn
600 2371 701 2437 καὶ
762 2369 1082 2454 προφάσεις
1140 2371 1281 2454 πρὸς
1338 2371 1424 2437 τα
1482 2371 1772 2451 γενόμενα
1832 2373 2038 2446 ἱκανὰς
2107 2371 2268 2454 ἔχειν
2337 2359 2490 2450 ἔδοξέ

472 2515 585 2572 τῳ,
632 2491 873 2570 μετρίως
921 2489 995 2556 ἂν
1040 2494 1177 2570 ἡμῖν
1214 2490 1316 2556 καὶ
1358 2492 1566 2562 ἱκανῶς
1600 2489 1684 2566 εἴη
1722 2491 1806 2556 τα
1829 2497 1926 2557 νῦν
1947 2492 2235 2572 εἰρημένα.
2266 2490 2516 2557 Nonne'

474 2610 571 2675 his
636 2609 837 2675 verbis
898 2610 1121 2676 diserte
1165 2609 1397 2676 indicat
1416 2656 1439 2689 ,
1483 2610 1624 2675 ideo
1670 2611 1818 2676 haec
1865 2633 1902 2675 a
1947 2633 2010 2676 se
2057 2611 2284 2696 scripta
2321 2633 2452 2675 esse
2468 2659 2489 2689 ,

476 2735 551 2793 ut
608 2729 768 2792 facta
826 2749 937 2792 sua
994 2729 1360 2810 εὐλογώτερα
1418 2727 1772 2796 viderentur
1835 2751 2020 2814 quam
2065 2728 2251 2814 vulgo
2298 2727 2492 2792 homi-

475 2871 583 2914 nes
634 2846 966 2934 putarent?
1048 2845 1271 2934 Neque
1313 2848 1640 2913 immerito«
1704 2847 1846 2934 Ipse
1892 2870 2018 2913 non
2063 2849 2231 2914 omni
2275 2848 2493 2934 culpae

476 2967 819 3053 suspicione
877 2988 1089 3032 vacare
1148 2989 1214 3032 se
1269 2967 1501 3032 'fatetur
1543 2991 1606 3052 p.
1653 2969 1787 3032 445
1817 2967 1911 3031 xD.
1960 2965 2220 3048 „Quum
2265 2967 2448 3031 tertio
2467 3015 2488 3047 ‚

474 3086 713 3170 inquit,
758 3108 825 3150 re
868 3085 1093 3150 infecta
1138 3108 1174 3149 a
1217 3085 1514 3171 Dionysio
1562 3085 1933 3151 discederem
1953 3135 1973 3163 ,
2037 3085 2210 3151 ἐδόκει
2257 3085 2324 3160 δὴ
2367 3108 2490 3166 χα-

476 3207 767 3272 λεπαίνειν
824 3208 932 3288 μὲν
990 3207 1053 3270 οὐ
1108 3205 1223 3271 δεῖν
1268 3205 1374 3283 ἐμὲ
1420 3206 1696 3286 Διονυσίῳ
1737 3203 1974 3284 μᾶλλον
2019 3204 2054 3282 ἢ
2101 3206 2229 3284 ἐμοί
2277 3229 2348 3270 τε
2390 3205 2488 3270 καὶ

473 3331 593 3398 τοῖς
660 3324 1041 3403 βιασαμένοις
1106 3326 1289 3404 ἐλθεῖν
1362 3325 1431 3392 τὸ
1512 3325 1738 3405 τρίτονε
1803 3323 2098 3404 „videbar
2149 3323 2304 3389 mihi
2363 3345 2490 3388 non
2520 3387 2536 3401 s

474 3451 601 3529 tam
643 3441 737 3508 illi
782 3442 1000 3509 debere
1041 3443 1221 3509 irasci
1258 3466 1443 3529 quam
1479 3443 1762 3510 mihimet
1789 3443 1910 3529 ipsi
1954 3451 2016 3509 et
2057 3444 2134 3508 iis
2179 3466 2218 3508 a
2261 3443 2488 3528 quibus

477 3563 556 3628 ad
600 3562 665 3628 id
710 3585 902 3628 essem
946 3563 1311 3650 impulsus?
1400 3563 1484 3629 Et
1528 3564 1677 3630 alibi
1723 3569 2026 3628 asseverat
2069 3585 2313 3628 necesse
2361 3585 2491 3627 esse

474 3689 555 3746 ut·
580 3705 656 3776 ¹se
702 3681 1017 3762 defendat,
1064 3683 1184 3748 nisi
1222 3683 1407 3770 justis
1462 3681 1954 3748 accusationibus
2015 3681 2314 3747 obnoxius
2361 3702 2491 3745 esse

474 3801 656 3880 velit,
702 3823 763 3887 p.
812 3803 939 3866 339
988 3803 1074 3866 A:
1122 3803 1334 3876 δίκαιος
1376 3803 1443 3878 δή
1488 3804 1608 3879 εἶμι
1636 3802 1832 3880 λέγειν
1861 3802 2088 3888 τοὶληθῆ
2119 3801 2218 3867 καὶ
2251 3799 2394 3886 (leg.
2429 3801 2487 3886 ἢ)

476 3921 773 3999 ὑπομένειν
790 3971 807 3998 ,
834 3970 850 3986 .
879 3970 895 3986 .
916 3970 933 3986 .
979 3920 1035 3986 εἵ
1066 3946 1155 3994 τις
1199 3920 1315 4002 ἄρα
1358 3921 1441 3987 τα
1486 3921 1756 4000 γεγονότ’
1778 3920 2034 3992 οἰκούσας
2057 3921 2487 4000 καταφρονήσει

475 4047 581 4114 τῆς
640 4039 785 4118 ε’μῆς
842 4039 1229 4122 φιλοσοφίαςε
1294 4043 1582 4132 „oportet
1625 4062 1722 4104 me
1784 4047 1894 4104 aut
1944 4061 2086 4103 vera
2131 4036 2332 4102 dicere
2379 4044 2487 4101 aut

476 4158 631 4224 ferre
692 4159 745 4223 si
803 4159 943 4245 quis
986 4181 1259 4226 rumores
1305 4158 1562 4224 audiens
1604 4153 1814 4224 meam
1845 4157 2296 4246 philosophiam
2349 4177 2490 4220 con-

479 4277 774 4344 temnat.”
