3092 5084
1593 503 1718 564 242

648 715 817 790 gesta
868 707 1162 772 refutaret
1208 730 1472 792 eumque
1510 709 1697 773 talem
1745 710 1934 774 fuisse
1981 711 2360 789 ostenderet,
2403 713 2510 794 qui
2543 735 2666 774 non

592 856 597 861 ·
645 832 887 890 tantum
950 826 1179 904 verbis,
1254 825 1359 890 sed
1423 829 1606 892 etiam
1668 830 1842 894 factis
1889 829 2339 914 philosophiam
2386 831 2462 894 ad
2509 831 2666 894 salu-

645 950 767 1006 tem
814 943 1133 1008 hominum
1182 953 1243 1008 et
1288 947 1606 1010 civitatum
1659 947 1930 1010 conferre
1977 947 2264 1012 studeret.

735 1059 1029 1140 Quamvis
1086 1071 1290 1128 autem
1336 1087 1411 1127 ex
1456 1041 1552 1127 liis
1601 1065 1744 1152 satis
1789 1074 2112 1150 appareat,
2163 1066 2472 1150 Epistolas
2519 1067 2662 1144 haS‚

645 1181 941 1264 imprimis
1004 1188 1127 1246 tres
1188 1182 1325 1245 illas
1390 1205 1540 1266 quas
1604 1182 1766 1261 dixi,
1833 1206 1957 1248 non
2015 1207 2142 1250 esse
2189 1185 2498 1250 habendas
2541 1208 2666 1249 mo-

646 1306 1012 1364 numentum
1075 1323 1198 1384 quo
1260 1301 1535 1364 Platonis
1585 1303 1740 1379 vita,
1790 1325 1986 1366 mores
2005 1352 2024 1379 ,
2073 1302 2356 1367 voluntas
2405 1312 2465 1368 et
2511 1305 2664 1366 ratio

646 1416 805 1480 clare
864 1439 1144 1501 expressa
1205 1419 1363 1496 sint,
1426 1440 1554 1483 non
1614 1427 1818 1484 tamen
1877 1419 2112 1484 nullius
2172 1423 2466 1485 momenti
2522 1429 2668 1484 sunt

621 1529 971 1618 putandae.
1064 1533 1227 1599 Nam
1290 1544 1715 1621 praeterquam
1769 1537 1956 1621 quod·
1981 1538 2304 1623 praeclaris
2351 1540 2666 1602 sententiis

645 1656 939 1738 tanquam
986 1655 1239 1739 gemmis
1285 1657 1486 1720 nitent
1544 1663 1606 1719 et
1644 1656 1907 1740 plurima
1960 1657 2274 1722 continent
2304 1657 2663 1722 imitationis

647 1775 901 1858 vesti-gia
947 1797 979 1838 e
1026 1774 1276 1838 diversis
1323 1774 1600 1838 Platonis
1649 1775 1906 1859 dialogis
1955 1797 2266 1860 expressa,
2317 1786 2464 1839 sunt
2505 1783 2664 1840 certe
2729 1811 2738 1824 ·

646 1895 710 1956 in
750 1894 1176 1976 vetustissimis
1214 1893 1592 1958 numeranda
1628 1895 2040 1958 monumentis
2081 1916 2236 1978 quae
2275 1895 2350 1958 de
2390 1894 2664 1958 Platonis

646 2012 773 2076 vita
817 2019 879 2074 et
922 2010 1104 2076 rebus
1152 2011 1228 2075 ad
1258 2034 1371 2076 nos
1404 2020 1812 2096 pervenerunt
1828 2039 1846 2090 3
1897 2011 2256 2076 conducunt
2284 2012 2364 2075 *ad
2397 2012 2669 2097 dispersa

647 2130 1103 2216 deperditorum
1150 2132 1513 2216 scriptorum
1559 2131 1786 2196 indicia
1832 2130 2228 2209 illustranda,
2279 2111 2567 2216 suspecta
2603 2141 2664 2196 et

646 2249 799 2314 falsa
859 2273 895 2314 a
952 2251 1110 2314 veris
1172 2248 1574 2328 secernenda3
1623 2249 1895 2334 denique
1943 2250 2313 2327 ostendunt,
2365 2251 2669 2334 quomodo

530 2397 541 2410 ·
641 2369 769 2452 jam
814 2369 1089 2452 proximo
1134 2375 1275 2452 post
1318 2366 1596 2432 Platonis
1639 2375 1896 2434 mortem
1947 2368 2154 2433 seculo
2194 2367 2364 2430 illius
2396 2368 2672 2432 doctrina

646 2494 709 2551 et
768 2487 1243 2573 philosophandi
1301 2487 1457 2552 ratio
1511 2487 1891 2552 'commentis
1953 2469 2289 2550 deformata
2345 2495 2408 2550 et
2451 2494 2671 2570 myste-

649 2605 879 2669 riorum
922 2605 1089 2668 nube
1133 2603 1413 2669 involuta
1460 2605 1562 2668 sit.
