3092 5084
1398 428 1522 488 183

1187 785 1295 846 De
1360 785 1731 848 scientia.

544 1049 621 1114 In
667 1049 938 1134 qualibet
967 1072 1031 1113 re
1070 1050 1188 1114 tria
1218 1057 1361 1113 sunt
1378 1098 1396 1126 ,
1430 1071 1537 1133 per
1569 1071 1724 1132 quae
1753 1071 1996 1113 necesse
2027 1055 2120 1113 est
2149 1049 2462 1112 scientiam

457 1167 683 1252 parari:
734 1177 1019 1251 quartum
1068 1179 1159 1232 est
1202 1168 1335 1251 ipsa
1377 1168 1722 1252 [scientia];
1757 1168 2041 1252 quintum
2075 1174 2275 1230 autem
2308 1165 2480 1230 illud·

456 1286 805 1370 ponendum
822 1336 839 1364 ,
926 1286 1093 1370 quod
1151 1286 1442 1352 noscibile
1504 1294 1688 1371 atque
1749 1309 1958 1351 verum
2020 1295 2129 1350 est.
2222 1285 2462 1350 Horum

456 1429 648 1469 unum
696 1412 786 1469 est
830 1427 1084 1482 nomen,
1134 1405 1391 1470 alterum
1414 1405 1722 1483 definitio,
1749 1406 2000 1470 tertium
2031 1405 2421 1469 simulacrum
2440 1454 2458 1483 ,

454 1524 706 1589 scientia
766 1531 1071 1608 quartum.
1163 1524 1259 1588 De
1321 1547 1443 1589 uno
1503 1525 1695 1610 igitur
1739 1524 1938 1601 disce,
1989 1525 2039 1586 si
2087 1524 2251 1607 quod
2293 1546 2461 1587 nunc

454 1642 589 1706 dico
635 1641 973 1726 intelligere
1020 1641 1192 1726 cupis
1208 1692 1227 1719 ‚
1276 1642 1471 1726 deque
1516 1642 1799 1707 omnibus
1833 1642 2110 1706 similiter
2149 1641 2456 1706 arbitrare.

452 1759 565 1825 Est
610 1759 842 1844 aliquid
890 1759 1056 1842 quod
1103 1759 1366 1823 circulus
1413 1767 1701 1839 vocatur,
1754 1761 1854 1824 cui
1897 1760 1962 1823 id
2005 1761 2206 1844 ipsum
2240 1782 2460 1824 nomen

454 1884 546 1942 est
606 1877 771 1962 quod
830 1877 1010 1940 modo
1055 1878 1584 1963 nuncupabamuS.
1678 1878 1956 1943 Alterum
2005 1885 2096 1942 est
2143 1879 2275 1942 eius·
2320 1877 2460 1942 defi-

452 1997 638 2074 nitio,
704 2019 735 2060 e
796 1996 1144 2061 nominibus
1191 2004 1252 2060 et
1298 1996 1495 2061 verbis
1542 1997 1912 2081 composita:
1963 1996 2126 2081 quod
2175 1996 2334 2060 enim
2384 1995 2459 2060 ab

453 2097 731 2178 extremis
795 2113 871 2177 ad
932 2115 1198 2179 medium
1260 2115 1592 2199 aequaliter
1636 2115 2046 2198 undequaque
2091 2114 2277 2179 distat
2292 2164 2310 2192 ,
2360 2114 2458 2177 de-

450 2233 643 2298 finitio
692 2241 783 2297 est
829 2233 959 2296 eius
1006 2232 1171 2316 quod
1218 2233 1466 2297 rotundi
1515 2239 1578 2297 et
1623 2233 1973 2298 circumacti
2020 2239 2081 2297 et
2111 2233 2324 2297 circuli
2351 2255 2456 2297 no-

448 2352 610 2416 mine
657 2351 1061 2436 designamuS.
1155 2351 1431 2416 Tertium
1478 2360 1570 2416 est
1613 2353 1810 2438 figura
1854 2353 2019 2438 picta
2056 2353 2151 2417 vel
2180 2360 2452 2430 tornata,

449 2469 723 2534 delebilis
770 2477 832 2534 et
876 2471 1133 2534 caduca:
1185 2477 1443 2554 quorum
1473 2471 1539 2534 in
1571 2471 1771 2557 ipsum
1803 2471 2096 2536 circulum
2110 2521 2129 2550 ,
2165 2471 2242 2534 ad
2274 2493 2451 2555 quem

447 2589 595 2653 haec
640 2590 844 2654 omnia
888 2595 1195 2674 spectant,
1228 2590 1384 2653 nihil
1414 2588 1610 2667 cadit,
1645 2596 1860 2675 utpote
1893 2589 1968 2654 ab
1999 2590 2096 2654 his
2127 2589 2451 2653 diversum.

448 2707 751 2788 Quartum
799 2717 1001 2773 autem
1049 2708 1209 2773 circa
1252 2709 1401 2772 haec
1449 2716 1541 2772 est
1587 2709 1841 2773 scientia
1887 2715 1948 2772 et
1992 2731 2162 2772 mens
2209 2691 2270 2773 et
2315 2732 2454 2774 vera

448 2828 653 2913 opinio
668 2855 686 2905 3
736 2827 898 2911 quod
946 2849 1122 2892 omne
1167 2849 1378 2891 rursus
1423 2834 1736 2911 tamquam
1782 2850 1977 2892 unum
2025 2828 2448 2907 statuendum,

447 2949 572 3010 non
630 2946 695 3010 in
753 2946 1004 3011 vocibus
1066 2967 1176 3010 nec
1229 2946 1295 3009 in
1340 2968 1664 3031 corporum
1709 2947 1919 3030 figuris
1967 2947 2152 3010 situm
2168 2997 2187 3024 ‚
2235 2948 2342 3011 sed
2385 2948 2451 3011 in

448 3053 693 3129 animis:
742 3087 863 3149 quo
909 3064 1296 3129 manifestum
1328 3065 1430 3142 fit,
1466 3063 1772 3128 diversum
1801 3064 1959 3128 illud
1991 3087 2119 3129 esse
2149 3065 2224 3128 ab
2255 3065 2448 3150 ipsius

448 3183 659 3249 circuli
702 3191 919 3248 natura
936 3233 954 3262 ,
1004 3183 1306 3248 diversum
1352 3184 1495 3248 item
1548 3206 1584 3246 a
1626 3183 1824 3249 tribus
1870 3183 1992 3247 illis
2032 3206 2217 3268 supra
2247 3183 2444 3249 dictis,

446 3302 685 3368 Horum
762 3311 965 3366 autem
1036 3303 1393 3387 cognatione
1458 3310 1517 3365 et
1579 3302 1980 3367 similitudine
2039 3303 2310 3387 proxime
2372 3303 2448 3366 ad

446 3422 731 3506 quintum
778 3406 1009 3485 accedit
1051 3444 1256 3498 mens;
1305 3428 1503 3485 cetera
1546 3421 1870 3485 remotiora
1911 3427 2075 3484 sunt.
2123 3419 2252 3485 Iam
2283 3421 2446 3485 idem

448 3540 596 3626 [dici
640 3542 866 3625 potest]
916 3539 991 3604 de
1034 3547 1199 3604 recta
1244 3546 1305 3603 et
1343 3562 1527 3603 curva
1557 3539 1751 3624 figura
1783 3547 1843 3603 et
1875 3539 1950 3603 de
1983 3539 2179 3604 colore
2195 3589 2214 3618 ,
2249 3540 2446 3623 deque

444 3661 603 3725 bono
651 3665 711 3722 et
754 3658 1011 3744 pulchro
1057 3665 1117 3722 et
1163 3659 1361 3736 iust0,
1412 3664 1599 3741 atque
1644 3657 1719 3722 de
1765 3657 2040 3742 quolibet
2071 3680 2319 3743 corpore
2350 3659 2445 3723 vel

442 3799 629 3847 manu
671 3776 831 3840 facto
879 3775 972 3840 vel
1016 3783 1235 3840 natura
1264 3782 1583 3861 generatO,
1619 3775 1694 3840 de
1724 3777 1881 3861 igni,
1917 3799 2076 3860 aqua
2105 3764 2440 3862 cetefisque

444 3979 764 4043 ἀπολλὺμενον.
810 3977 888 4027 Ita
921 3992 1030 4026 mox
1064 3994 1111 4042 p.
1146 3977 1242 4026 343
1277 3979 1319 4026 A
1348 3977 1616 4041 Junguntur
1647 3983 1938 4046 γραφομένων
1969 3980 1999 4034 ἢ
2016 3981 2090 4027 καὶ
2112 3981 2438 4046 τορνευθέντων.
