3092 5084
1623 454 1742 514 192

675 667 872 738 certa,
921 659 1037 725 hoc
1084 681 1278 724 unum
1324 664 1560 722 certum
1606 679 1736 724 esse
1774 664 1836 724 et
1881 657 2099 722 stabile
2144 657 2327 724 dicit:
2353 663 2416 725 οὐ
2441 661 2562 743 γὰρ
2583 712 2598 736 ,
2620 661 2696 727 ἂν

674 781 891 846 τούτων
926 778 1012 856 μή
1047 801 1137 850 τις
1170 778 1250 843 τὰ
1300 775 1560 858 τέτταρα
1603 777 1768 859 λώβη
1809 777 2209 856 ἁμωσγέπως,
2257 778 2465 844 οὔποτε
2487 781 2697 854 τελέως

675 898 1003 976 ἐπιστήμης
1063 901 1166 964 τοῦ
1224 894 1499 974 πέμπτου
1557 894 1814 976 μέτοχος
1871 896 2058 964 ἔσται.
2159 896 2242 960 Et
2300 898 2486 982 paulo
2551 899 2701 963 infe-

674 1018 837 1081 rius:
908 1016 1103 1104 μύριος
1172 1014 1231 1080 δὲ
1296 1013 1474 1091 λόγος
1540 1011 1620 1079 αὖ
1679 1015 1802 1096 περὶ
1849 1014 2096 1081 ἕκαστον
2132 1019 2245 1082 τῶν
2290 1016 2580 1097 τεττάρων
2624 1019 2698 1090 ὣς

672 1134 932 1218 ἀσαφές.
1026 1133 1191 1219 Ergo
1253 1133 1586 1212 ἐπιστήμην
1645 1132 1827 1198 modo
1889 1135 1970 1216 τῷ
2021 1132 2136 1200 ὄντι
2153 1186 2170 1210 ,
2233 1134 2296 1200 h.
2359 1157 2410 1199 e.
2458 1136 2700 1200 veritati

674 1262 997 1339 cognatam
1043 1251 1223 1330 dicit,
1271 1251 1454 1316 modo
1503 1259 1865 1318 annumerat
1912 1253 1988 1317 iis
2035 1275 2190 1338 quae
2239 1255 2468 1320 incerta
2499 1265 2561 1320 et
2590 1255 2698 1319 fal-

673 1370 829 1436 lacia
874 1379 1040 1436 sunt.
1134 1370 1303 1436 Haec
1350 1369 1501 1435 adeo
1548 1370 1794 1436 turbata
1839 1379 1985 1436 sunt
1999 1421 2019 1450 ‚
2067 1380 2141 1436 ut
2171 1373 2430 1457 scriptor
2460 1374 2700 1438 nescire

672 1476 954 1555 videatur
1000 1488 1150 1574 quid
1199 1489 1399 1567 dicat3
1446 1497 1699 1575 apparet
1746 1511 1882 1554 eum
1932 1492 2254 1570 ἐπιστήμην
2293 1491 2604 1578 vulgarem
2635 1501 2698 1557 et

672 1611 776 1685 τὴν
819 1611 1007 1686 ἀληθῆ
1056 1610 1382 1688 ἐπιστήμην
1428 1608 1797 1674 confudisse.

762 1726 967 1808 Quam
1033 1727 1214 1812 longe
1268 1726 1416 1791 haec
1478 1726 1711 1792 distant
1771 1749 1807 1790 a
1866 1727 2142 1792 Platonis
2190 1727 2484 1794 doctrina.
2572 1728 2694 1794 Hic

671 1869 767 1911 res
814 1847 1124 1911 universas
1172 1844 1499 1931 distinguit
1543 1847 1611 1910 in
1657 1845 1782 1910 duo
1825 1869 2048 1931 genera
2062 1896 2082 1925 ,
2123 1849 2226 1923 τὴν
2264 1848 2460 1913 οὐσίαν
2501 1856 2561 1912 et
2589 1849 2695 1924 τὴν

671 1966 925 2047 γένεσιν,
976 1986 1237 2049 quorum
1279 1964 1429 2028 haec
1455 1987 1550 2028 res
1585 1971 1899 2048 generatas
1933 1974 1994 2027 et
2025 1965 2221 2028 fluxas
2269 1966 2372 2049 (τοὶ
2408 1966 2692 2050 αἰσθητά,
2721 1963 2727 1969 ’

672 2085 754 2150 τοὶ
798 2084 1107 2169 ὁρώμενα),
1144 2083 1254 2147 illa
1299 2091 1574 2148 aeternas
1621 2097 1680 2148 et
1727 2083 1973 2148 stabiles
2021 2084 2124 2168 (τὰ
2171 2081 2343 2161 νοητοὶ
2360 2135 2378 2168 ,
2425 2087 2506 2150 τοὶ
2547 2083 2694 2150 νοού-

672 2204 847 2287 μενα)
910 2201 1362 2286 complectitur.
1411 2200 1636 2265 Rerum
1687 2201 1990 2265 fluxarum
2036 2192 2338 2286 cognitio,
2379 2224 2534 2286 quae
2564 2226 2695 2267 sen-

674 2343 853 2386 suum
929 2343 1042 2405 ope
1087 2320 1357 2406 paritur,
1414 2319 1757 2404 appellatur
1818 2319 1980 2396 δόξα,
2027 2342 2184 2404 quae
2245 2343 2435 2405 aeque
2481 2345 2550 2386 ac
2595 2344 2688 2386 res

627 2408 640 2432 ’
672 2439 750 2503 ad
798 2461 949 2523 quas
996 2438 1260 2524 pertinet
1318 2459 1532 2502 manca
1579 2445 1670 2503 est
1725 2446 1785 2502 et
1813 2438 2080 2517 incerta3
2114 2440 2394 2524 opposita
2423 2439 2567 2524 huic
2599 2448 2691 2505 est

672 2560 963 2636 ἐπιστήμη
982 2607 1000 2636 ,
1049 2557 1303 2621 scientia
1348 2579 1553 2621 rerum
1606 2579 1762 2641 quae
1815 2564 2021 2622 mente
2053 2557 2688 2643 comprehenduntur:

670 2677 849 2755 haec,
896 2684 970 2740 ut
1012 2677 1178 2740 οὐσία
1222 2675 1387 2762 ipsa,
1435 2677 1610 2740 firma
1649 2685 1710 2740 et
1740 2699 1880 2741 vera
1911 2685 2021 2742 est.
2068 2676 2168 2742 Sic
2193 2700 2348 2762 quae
2380 2687 2586 2743 noster
2616 2687 2688 2743 ut

670 2793 894 2858 similia
938 2794 1147 2878 ponit,
1197 2795 1489 2872 ἐπιστήμη
1510 2846 1529 2870 ,
1579 2801 1706 2866 νοῦς
1753 2806 1816 2859 et
1857 2797 2073 2871 ἀληθὴς
2098 2794 2256 2872 δόξα,
2291 2796 2458 2881 apud
2487 2797 2687 2868 Plato-

669 2936 809 2978 nem
855 2914 1135 2999 opposita
1172 2912 1289 2977 sibi
1328 2921 1476 2976 sunt
1509 2923 1571 2976 et
1605 2914 1926 2978 contraria.
1975 2914 2114 2999 Ipse
2145 2914 2208 2979 in
2231 2913 2559 2980 Theaeteto
2574 2966 2594 2995 ,
2621 2940 2681 3002 p.

672 3033 798 3094 261
849 3029 928 3110 C,
978 3031 1203 3095 refutat
1248 3053 1347 3095 eos
1365 3081 1383 3110 ‚
1433 3032 1543 3115 qui
1588 3031 1942 3097 statuebant
1987 3035 2312 3112 ἐπιστήμην
2347 3057 2473 3098 esse
2495 3037 2682 3112 οὲληθῆ

666 3147 836 3226 δόξαν
881 3150 1043 3228 μετὰ
1085 3150 1299 3227 λόγου,
1348 3157 1409 3213 et
1453 3148 1529 3214 de
1561 3149 1769 3215 eadem
1802 3152 2158 3235 quaestione
2187 3152 2476 3217 classicus
2507 3153 2678 3218 locus

666 3277 759 3330 est
818 3269 881 3331 in
942 3266 1222 3346 Timae0‚
1283 3290 1345 3354 p.
1403 3269 1483 3331 51
1559 3268 1616 3330 D
1663 3267 1751 3347 E,
1800 3269 1910 3335 ubi
1955 3269 2198 3335 disertis
2246 3271 2443 3336 verbis
2491 3271 2677 3351 dicit,

664 3385 843 3450 ambo
890 3384 997 3448 illa
1041 3384 1277 3448 diversa
1322 3407 1449 3449 esse
1495 3395 1556 3449 et
1596 3385 1948 3452 dissimilia:
1993 3387 2086 3454 δύο
2110 3388 2176 3464 δή
2199 3389 2430 3454 λεκτέον
2453 3391 2676 3472 ἐκείνω,

662 3503 800 3570 διότι
844 3504 1024 3586 χωρὶς
1069 3503 1391 3582 γεγόνατον
1434 3505 1712 3582 ἀνομοίως
1759 3509 1814 3570 τ’
1837 3505 2060 3586 ἔχετον.
2141 3507 2424 3573 Forsitan
2471 3517 2678 3574 noster

661 3621 740 3685 ad
832 3622 979 3686 haec
1038 3621 1468 3707 conjungenda
1528 3623 1754 3688 ductus
1815 3632 1908 3688 est
1973 3624 2106 3712 loco
2168 3625 2245 3690 de
2303 3625 2495 3712 Legg.
2569 3627 2673 3706 II,

658 3763 718 3830 p.
768 3742 893 3805 653
944 3741 1029 3806 A:
1077 3742 1344 3824 φρόνησιν
1390 3742 1450 3805 δὲ
1494 3743 1598 3808 καὶ
1646 3744 1880 3818 ἀληθεῖς
1925 3743 2096 3822 δόξας
2141 3743 2426 3824 βεβαίους
2444 3797 2459 3826 ,
2505 3748 2670 3813 εὐτυ-

650 3862 770 3940 χὴς
816 3859 925 3941 ὅτῳ
959 3859 1058 3925 καὶ
1099 3861 1235 3941 πρὸς
1269 3863 1335 3927 τὸ
1366 3868 1553 3943 γῆρας
1585 3862 1935 3942 παρεγένετο
1955 3913 1974 3947 ,
2010 3864 2176 3948 quod
2204 3864 2438 3930 dictum
2460 3865 2675 3930 retulit

651 3978 876 4043 Cicero·
924 3979 999 4043 de
1075 3979 1210 4045 Fin.
1286 3979 1344 4041 V
1361 4029 1381 4058 ‚
1446 3983 1565 4045 21:
1631 3981 1989 4060 „Praeclare
2052 3983 2212 4048 enim
2257 3983 2470 4049 Plato:
2517 3987 2671 4049 Bea-

652 4103 800 4174 tum,
849 4098 947 4161 cui
990 4099 1163 4162 etiam
1206 4098 1271 4161 in
1312 4105 1598 4164 senectute
1637 4101 1939 4182 contiqerit
1980 4109 2046 4166 ut
2097 4104 2442 4185 sapientiam
2483 4125 2668 4168 veras-

651 4238 760 4300 que
826 4217 1120 4298 opiniones
1164 4218 1395 4302 assequi
1426 4219 1682 4300 possit.”
1773 4221 1858 4283 At
1903 4219 2081 4283 Plato
2129 4221 2226 4284 hie
2273 4221 2546 4306 loquitur
2591 4245 2664 4285 ex
