3092 5084
1571 489 1698 550 234

627 691 866 756 crimini
912 692 1165 774 darent,
1236 694 1402 778 quod
1448 695 1602 760 tales
1649 696 1762 760 viri
1781 744 1800 773 ‚
1865 696 2076 779 quales
2129 694 2308 760 ambo
2363 693 2642 778 Dionysii

624 808 879 874 fuerunt
891 859 912 889 ‚
965 811 1158 897 ipsius
1190 812 1513 898 disciplina
1551 815 1649 878 usi
1680 821 1883 878 essent
1901 863 1920 893 ‚
1951 815 2112 879 sicut
2155 813 2390 878 Socrati
2421 785 2644 896 objecit

627 927 975 1014 Polycrates
1022 929 1189 1014 quod
1224 930 1489 998 Dritiam
1535 932 1850 998 habuisset
1895 931 2302 1018 discipulum3
2351 930 2458 996 alii
2473 979 2492 1009 ,
2534 931 2644 1013 qui

626 1046 895 1112 ludibrio
932 1071 1075 1114 eum
1104 1049 1399 1116 haberent
1431 1052 1598 1136 quod
1639 1052 1730 1116 vir
1763 1052 2039 1118 omnium
2079 1051 2561 1136 sapientissimus
2609 1072 2646 1113 a

628 1165 855 1230 stolido
898 1176 1158 1253 tyranno
1203 1168 1341 1236 ludi
1382 1193 1447 1236 se
1470 1193 1686 1256 passus
1717 1176 1894 1236 esset.
1931 1177 1936 1182 ’
1963 1169 2207 1236 Iudicat
2236 1169 2353 1234 hoc
2383 1168 2645 1254 scriptor

632 1283 946 1370 Epistulae
1005 1285 1075 1350 H
1088 1335 1107 1366 ,
1170 1310 1233 1374 p.
1296 1291 1424 1353 312
1486 1290 1578 1354 A:
1640 1290 1690 1354 οἱ
1745 1289 1841 1355 ἐπὶ
1886 1287 2105 1361 τούτοις
2149 1288 2396 1366 βοῶντες
2441 1287 2644 1352 πολλοὶ

630 1397 807 1479 ἦσαν,
867 1404 1139 1483 λέγοντες
1198 1407 1273 1480 ὥς
1316 1407 1391 1472 σὺ
1435 1410 1578 1486 ἐμοῦ
1623 1409 1731 1487 μὲν
1775 1407 2304 1489 καταπεφρόνηκας
2320 1455 2338 1489 ,
2385 1403 2560 1471 ἄλλα
2597 1403 2646 1468 δ’

633 1523 1021 1596 ἐσπούδακας.
1091 1524 1403 1610 Imprimis
1444 1526 1856 1592 memorabilis
1902 1526 2017 1592 hac
2062 1526 2139 1591 de
2183 1548 2248 1592 re
2293 1525 2466 1590 locus
2505 1523 2648 1609 legi·

634 1646 742 1706 tur
792 1641 958 1727 apud
987 1643 1237 1710 Aelium
1284 1645 1616 1710 Aristidem
1632 1695 1649 1728 ‚
1697 1644 1873 1726 Ὑπὲρ
1915 1649 2029 1719 τῶν
2059 1642 2350 1724 τεττάρων
2367 1694 2385 1719 ,
2420 1666 2481 1729 p.
2516 1644 2646 1706 300

637 1781 772 1845 sqq.
842 1760 1031 1828 Dind.
1050 1810 1069 1841 ,
1126 1763 1235 1828 ubi
1299 1765 1401 1829 hic
1466 1764 1676 1830 rhetor
1741 1763 2064 1848 loquentes
2122 1762 2269 1828 facit
2314 1761 2610 1827 Periclem
2630 1808 2648 1837 ‚

640 1877 957 1946 Cimonem
970 1929 991 1960 ‚
1069 1881 1415 1948 Miltiadem
1487 1891 1550 1948 et
1614 1882 2084 1948 Themistoclem
2097 1930 2118 1961 ,
2181 1881 2406 1966 quibus
2472 1879 2652 1944 Plato

638 1998 707 2065 in
768 1998 999 2084 Gorgia
1055 2002 1441 2088 exprobravit
1500 2002 1668 2087 quod
1737 2024 1948 2068 eorum
2007 2000 2201 2066 ductu
2247 1999 2651 2065 Athenienses

640 2117 844 2202 ignavi
905 2125 968 2182 et
1025 2119 1253 2185 feroces
1318 2119 1545 2186 redditi
1601 2127 1803 2186 essent
1862 2118 2152 2204 quodque
2209 2119 2342 2183 eius
2397 2103 2656 2182 'feritatis

642 2236 761 2322 ipsi
829 2236 1079 2303 effectus
1125 2246 1327 2304 essent
1370 2241 1638 2326 experti3
1685 2238 1938 2306 eandem
1991 2238 2520 2325 exprobrationem
2562 2234 2659 2300 illi

643 2355 709 2419 in
776 2355 1093 2422 Platonem
1159 2358 1464 2445 rejiciunt.
1557 2359 1880 2441 Quaerunt
1948 2381 2022 2424 ex
2087 2381 2160 2425 eo
2176 2406 2195 2437 ,
2266 2356 2418 2442 quid
2481 2355 2660 2441 Syra-

647 2496 931 2540 cusarum
966 2477 1211 2562 tyranni
1256 2499 1330 2542 ex
1373 2475 1505 2544 eius
1552 2477 1994 2544 consuetudine
2040 2483 2102 2544 et
2152 2475 2424 2543 consiliis
2462 2473 2659 2561 profe·

642 2593 835 2660 cerint
888 2601 949 2660 et
1002 2617 1127 2679 quo
1186 2595 1417 2662 honore
1482 2619 1625 2662 eum
1679 2596 2024 2664 habuerint.
2053 2597 2101 2682 ¹)
2191 2594 2371 2660 Hanc
2417 2594 2652 2680 vitupe-

641 2699 938 2779 rationem
983 2712 1265 2800 Epistola
1299 2715 1615 2802 redarguit
1657 2739 1730 2782 eo
1745 2765 1764 2796 ,
1800 2716 1970 2801 quod
1999 2715 2336 2801 Dionysius
2367 2713 2664 2799 importu-

648 2833 843 2898 nitate
893 2856 1007 2898 sua
1047 2833 1465 2920 impedivisset
1494 2835 1824 2919 quominus
1853 2833 2032 2900 Plato
2063 2857 2204 2905 eum
2235 2831 2664 2919 philosophiae

652 2952 989 3039 praeceptis
1020 2952 1307 3018 erudiret.
1353 2953 1446 3018 Eo
1478 2961 1712 3040 spectat
1739 2953 2052 3040 Epistolae
2074 2951 2179 3018 ΠΙ
2201 2975 2340 3038 pars
2364 2951 2531 3037 prior
2545 3001 2564 3030 ,
2599 2951 2662 3016 in

656 3093 777 3158 qua
806 3078 981 3158 parte
1010 3080 1370 3158 personatus
1391 3073 1574 3138 Plato
1597 3073 1663 3138 id
1693 3072 1814 3139 sibi
1843 3072 2150 3159 proponit,
2181 3078 2256 3137 ut
2275 3071 2560 3137 ostendat
2587 3073 2664 3144 ὦς

652 3189 882 3262 εἰκότως
928 3214 1012 3256 σοι
1056 3191 1372 3277 (Διονυσίῳ)
1416 3190 1640 3273 ἔφυγον
1681 3197 1951 3258 κοινωνεῖν
1988 3189 2122 3272 περὶ
2153 3189 2249 3256 τὸ.
2291 3198 2398 3266 τῆς
2442 3189 2665 3262 πόλεως

656 3311 998 3396 πράγματα
1039 3313 1123 3398 (p.
1170 3314 1301 3376 316
1347 3311 1422 3377 Β.
1468 3312 1545 3378 cf.
1593 3310 1791 3398 Epist.
1835 3309 1999 3389 VII,
2047 3334 2108 3397 p.
2157 3310 2284 3374 345
2331 3311 2433 3394 A).

730 3531 782 3594 1)
814 3530 972 3581 Locus
1013 3529 1240 3580 Aristidis
1283 3531 1400 3599 Περὶ
1447 3530 1610 3598 parop-
1652 3527 1706 3587 Ι,
1751 3542 1801 3593 p.
1847 3525 1908 3579 1‘1
1961 3527 2082 3574 extr.
2125 3523 2223 3588 (cui
2256 3521 2458 3572 addatur
2489 3537 2538 3588 p.
2576 3518 2671 3572 1⁶⁷

662 3643 792 3692 sqq„
830 3626 925 3676 268
960 3629 1010 3677 et
1044 3626 1142 3676 324
1174 3635 1296 3690 sqq.)
1328 3629 1402 3674 est
1434 3625 1590 3674 instar
1621 3622 1892 3689 compendii
1925 3621 2219 3672 diversarum
2248 3617 2673 3684 reprehensionum

664 3723 837 3789 quihus
880 3723 1021 3773 Plato
1065 3725 1264 3788 propter
1300 3723 1519 3787 suscepta
1550 3719 1726 3768 itinera
1757 3717 1809 3767 in
1842 3717 2055 3767 Siciliam
2089 3715 2185 3766 fuit
2217 3713 2476 3774 obnoxius,
2509 3727 2674 3778 quam·

665 3835 811 3886 quum
854 3819 1019 3869 rhetor
1062 3833 1118 3869 ea
1160 3818 1323 3882 potius
1362 3817 1425 3867 ad
1467 3815 1702 3867 Miltiadi·
1748 3818 2110 3878 ceterorumque
2151 3796 2504 3862 excusationem
2535 3817 2677 3873 quam

666 3916 725 3966 ad
758 3915 977 3990 Platonis
1010 3913 1304 3978 vituperium
1336 3929 1365 3963 a
1398 3929 1449 3964 se
1480 3912 1669 3979 prolata
1701 3909 1910 3962 dictitat.
1953 3909 2062 3960 Vid.
2095 3912 2204 3978 περὶ
2235 3910 2397 3977 ῥητορ.
2429 3905 2454 3955 1
2467 3943 2484 3964 ,
2516 3920 2564 3971 p.
2583 3903 2674 3954 082

666 4018 754 4076 ἐγὼ
799 4018 893 4083 γὰρ
935 4009 1027 4063 οὔτ’
1070 4015 1203 4068 αὐτὸς
1251 4013 1456 4075 ἔγκλημα
1500 4010 1554 4069 δὴ
1584 4013 1720 4061 τοῦτο
1750 4011 1967 4072 ποιοῦμαι
1980 4043 1997 4070 ,
2036 4009 2085 4057 εἴ
2114 4023 2190 4056 ποι
2219 4007 2296 4055 καὶ
2327 4006 2528 4054 ὁπωσοῦν
2557 4003 2680 4068 ᾠήθη

667 4109 760 4158 tuin
803 4111 995 4158 Πλάτων
1038 4111 1178 4158 caestu
1222 4111 1474 4164 ἡστινδσοῦν
1528 4101 1637 4156 ἕνεκ’
1684 4107 1870 4168 αἰτίοις,
1915 4100 2004 4152 οὐδ’
2041 4105 2201 4158 ὅστις
2233 4101 2404 4156 ἄλλος
2437 4101 2678 4165 προσφέ·

667 4225 754 4275 ρει
788 4224 845 4256 τι
876 4182 1130 4256 τοιοῦτον
1162 4207 1383 4272 εὐφρανεῖν
1408 4206 1621 4266 ἡγοῦμαι.
1652 4199 1734 4263 (cf.
1766 4202 1884 4268 Περὶ
1917 4208 2002 4250 τῶν
2025 4214 2153 4248 rm.
2177 4211 2226 4261 p.
2253 4195 2388 4257 309).
2421 4193 2576 4243 Verba
2595 4191 2688 4244 οὔδ’

668 4307 793 4362 ὅστις
824 4306 959 4362 ἄλλος
988 4300 1205 4352 iudicant
1236 4303 1287 4349 et
1319 4297 1439 4348 alios
1473 4295 1620 4347 fuisse
1653 4294 1739 4361 qui
1771 4293 1866 4344 itta
1895 4291 2091 4343 Platoni
2123 4289 2427 4356 imputarint.
