3092 5084
1417 479 1490 541 71

453 688 674 769 φίλων,
725 687 891 770 quod
921 687 1283 750 conveniens
1315 693 1505 764 esset,
1532 687 1585 748 si
1608 686 1728 750 Dio
1760 651 1975 750 fuisset
2006 694 2192 771 caput
2222 686 2463 751 scholae

455 807 580 868 sive
639 805 933 881 familiae,
996 812 1068 868 ut
1127 805 1492 883 Πυθαγόρειοι
1510 853 1527 886 ,
1578 806 1985 884 Ἡροοκλείτειοι
2005 857 2022 880 ,
2072 805 2456 884 Σωκράτειοις

454 924 554 986 hic
599 917 841 987 tanturn
888 933 979 986 est
1021 923 1386 1007 periphrasis
1432 944 1543 1007 pro
1585 927 1695 987 τῶν
1743 924 1951 995 Δίωνος
1982 923 2213 1004 φίλων..
2238 923 2469 988 Huius-

455 1041 622 1105 modi
685 1049 777 1105 est
836 1044 864 1103 ὁ
922 1041 1290 1118 Λοιβδοίκειος
1349 1049 1526 1118 ποεῖς,
1576 1040 1857 1125 Sophocl.
1922 1041 2074 1106 Oed.
2122 1041 2194 1106 R.
2246 1045 2394 1106 267.
2443 1043 2469 1106 ὁ

453 1159 781 1240 Ἡράκλειος
823 1159 1182 1239 σύμμαχος,
1231 1159 1442 1244 Eurip.
1483 1159 1725 1224 Heracl.
1754 1162 1902 1226 457.
1951 1161 2266 1240 Βερενικείοι
2290 1161 2467 1236 0227oe-

451 1283 576 1359 τήρ,
612 1279 860 1344 Theocr.
892 1278 988 1343 Id.
1022 1279 1161 1357 XV,
1203 1283 1345 1342 110.
1394 1279 1599 1344 Verba
1620 1280 1751 1344 οὕτε
1781 1287 1897 1344 τοῖο
1931 1280 2277 1345 &wacho-xcxv
2300 1279 2466 1357 ἄμει-

453 1421 538 1462 νον
601 1406 820 1462 sonant
879 1398 1058 1462 etiam
1105 1398 1414 1482 poeticum
1429 1424 1447 1475 ς
1503 1397 1899 1462 Homericum
1943 1399 2003 1462 οὐ
2050 1399 2168 1478 γὰρ
2214 1397 2482 1474 ἄμεινον(

454 1517 658 1597 Quam
717 1518 875 1583 belle
934 1517 1196 1601 denique
1259 1517 1375 1583 sibi
1419 1525 1825 1602 oppununtur
1870 1517 2009 1581 illa:
2058 1519 2085 1582 ὅ
2132 1520 2239 1596 μὲν
2284 1517 2354 1600 ζῇ
2399 1520 2462 1582 οὐ

451 1641 674 1718 καλῶς,
722 1637 748 1700 ὃ
794 1637 852 1700 δὲ
895 1634 1123 1710 τέθνηκε
1166 1641 1392 1712 καλῶς-ς
1439 1657 1591 1699 num
1635 1643 1840 1699 tamen
1884 1657 2021 1699 vere
2066 1635 2183 1698 hoc
2230 1635 2461 1698 dictum

452 1754 533 1817 sit
593 1753 826 1818 dubito.
913 1753 999 1816 Ut
1060 1754 1223 1817 enim
1283 1752 1358 1817 de
1417 1752 1712 1836 Dionysio
1775 1752 2141 1817 concedatur
2193 1752 2352 1817 illud
2396 1752 2465 1834 ζῇ

450 1877 514 1938 οὐ
575 1877 768 1944 καλῶς
785 1922 802 1955 ,
866 1871 940 1936 de
1001 1871 1200 1936 Dione
1259 1873 1362 1936 vix
1417 1871 1667 1936 concedi
1713 1879 1914 1956 potest
1957 1871 2185 1946 τέθνηκε
2231 1877 2462 1943 namq:

451 1993 562 2075 qui
606 1991 833 2056 scilicet
878 1991 1107 2076 perfida
1151 1991 1332 2055 amici
1374 2013 1561 2054 manu
1575 2040 1594 2068 ,
1642 1990 2107 2075 inspicientibus
2156 1990 2283 2054 suis
2297 2041 2315 2068 ‚
2364 2014 2466 2056 ne·

443 2110 608 2174 mine
654 2109 982 2173 auxiliante
999 2158 1017 2186 ,
1067 2109 1131 2172 in
1177 2108 1462 2174 cubiculo
1509 2108 1911 2173 obtruncatus
1960 2118 2105 2172 erat.
2200 2108 2459 2174 Etiamsi

439 2232 609 2315 justa
652 2228 874 2294 faciens
920 2235 1200 2292 mortuus
1247 2228 1358 2304 sit,
1407 2249 1532 2291 non
1564 2234 1770 2291 tamen
1800 2228 2029 2301 τέθνηκε
2057 2233 2284 2304 καλῶςς
2332 2227 2468 2292 rhe-

448 2347 710 2411 toricum
757 2346 872 2410 hoo
916 2347 1108 2430 magis
1141 2367 1323 2430 quam
1355 2367 1583 2410 verum.
1633 2343 1835 2410 Verba
1862 2347 1967 2420 τὴν
1999 2346 2181 2418 αὐτὴν
2210 2344 2465 2424 ξυμβου-

446 2467 553 2539 λὴν
612 2464 710 2563 3οωῖ
772 2463 946 2541 λόγον
1005 2464 1102 2528 τὸν
1162 2462 1336 2528 αὐτὸν
1397 2470 1542 2526 sunt
1588 2463 1795 2527 inania
1840 2485 2197 2547 synonyma:
2246 2463 2466 2528 referta

448 2591 540 2647 est
595 2584 787 2646 oratio
850 2582 1202 2647 huiusmodi
1248 2583 1597 2668 synonymis
1614 2632 1632 2660 ,
1691 2581 1914 2665 quibus
1961 2582 2216 2646 fortasse
2268 2582 2465 2646 Plato·-

445 2703 645 2798 nicaxn
692 2701 980 2766 orationis
1026 2703 1258 2786 copiam
1308 2707 1731 2776 assecuturum
1786 2723 1849 2766 se
1895 2679 2153 2785 putavit.
2230 2701 2465 2766 Similia

449 2829 592 2884 sunt
637 2843 794 2904 quae
838 2843 980 2884 mox
1024 2827 1392 2903 sequuntur:
1441 2820 1655 2899 σμικροὶ
1701 2821 1799 2884 καὶ
1846 2817 2219 2902 ἀνελεύθερα,
2245 2825 2354 2884 τῶν
2385 2821 2463 2890 εἷς

444 2939 540 3002 τὸν
594 2939 800 3004 ἔπειτα
844 2941 941 3003 καὶ
989 2941 1066 3008 εἰς
1112 2939 1208 3003 τὸν
1253 2937 1514 3017 πείροντοι
1560 2937 1745 3016 κκιρὸν
1784 2943 1895 3000 cet.
1948 2944 2015 3000 et
2048 2937 2199 3001 θείων
2248 2961 2316 3002 τε
2361 2937 2462 3002 ux)

445 3056 815 3137 ἀνθρωπίνων.
907 3056 982 3120 In
1044 3056 1242 3121 verbis
1303 3056 1487 3136 τρίτον
1543 3055 1748 3135 τρίτρις
1765 3103 1783 3137 ,
1832 3054 1989 3118 illud
2035 3056 2217 3135 τρίτον
2264 3056 2461 3120 solum

449 3177 902 3262 paronomasiae
963 3197 1144 3239 causa
1205 3174 1516 3253 additum3
1592 3175 1749 3239 nihil
1812 3174 2071 3260 amplius
2142 3174 2290 3238 dicit
2343 3175 2461 3238 nisi

449 3293 616 3378 quod
677 3301 887 3379 postea
945 3293 1202 3378 legitur:
1265 3299 1465 3358 ταῦτα
1525 3299 1744 3371 πρῶτον
1794 3293 1901 3370 μὲν
1928 3345 1941 3358 .
1972 3344 1986 3359 .
2016 3343 2029 3357 .
2078 3293 2329 3372 δεύτερον
2355 3345 2369 3360 .
2398 3343 2412 3357 .
2442 3344 2457 3358 .

445 3414 662 3493 τρίτους
725 3413 783 3475 δὲ
845 3413 1000 3489 ὑμᾶς
1058 3417 1184 3477 νῦν.
1231 3417 1446 3491 ψυχῶν
1490 3412 1589 3487 ἤθη
1620 3410 1730 3497 {fest
1774 3411 2139 3496 periphrasis
2188 3413 2461 3494 quaesita

446 3553 556 3615 pro
601 3530 839 3610 ψυχροί,
889 3537 961 3594 ut
1006 3553 1066 3615 p.
1114 3532 1242 3592 328
1291 3529 1379 3592 B:
1429 3529 1495 3594 τὸ
1542 3530 1752 3600 Δίωνος
1784 3524 1907 3603 ἦθος
1938 3537 2042 3603 τῆς
2073 3535 2279 3608 ψυχῆς
2310 3530 2458 3609 πέρι.

452 3647 570 3711 Sed
617 3648 792 3735 venio
855 3647 930 3711 ad
975 3648 1170 3711 illud:
1219 3647 1324 3712 καί
1364 3672 1458 3725 μοι
1506 3647 1763 3713 πείθεσθε
1810 3647 1943 3719 Διὸς
1989 3647 2177 3724 τρίτου
2222 3656 2465 3728 σωτῆρος

451 3766 645 3847 χάριν.
749 3765 892 3830 Ter·
945 3774 1282 3850 quaterque
1356 3766 1513 3830 illud
1580 3767 1907 3850 repetitum
1974 3767 2158 3846 τρίτος
2223 3767 2287 3830 in
2355 3766 2469 3830 hac

451 3886 752 3949 sententia
811 3884 1042 3970 puerile
1104 3885 1461 3970 elegantiae·
1493 3885 1827 3970 aucupium
1880 3884 2129 3948 redolet.
2223 3884 2468 3969 Spectat

448 4012 652 4069 autem
709 4004 786 4068 ad
840 4005 1225 4090 proverbium
1269 4028 1395 4068 non
1441 4003 1627 4069 semel
1673 4027 1709 4067 a
1752 4004 2011 4068 Platone
2055 4011 2424 4092 usurpatum
2441 4053 2459 4080 ,

448 4126 514 4190 τὸ
563 4111 762 4207 ’τρίτον
829 4127 910 4206 τῷ
979 4133 1236 4205 Σωτῆρι,
1309 4123 1474 4209 quod
1537 4115 1771 4189 dicitur
1784 4173 1805 4202 ,
1875 4131 1947 4187 ut
2008 4124 2094 4188 ait
2139 4122 2463 4188 scholiasta

449 4244 525 4308 ad
592 4243 900 4308 Charmid.
970 4268 1030 4329 p.
1108 4247 1226 4310 167
1301 4246 1390 4323 A,
1461 4245 1557 4308 ἐπὶ
1626 4251 1737 4309 τῶν
1796 4243 2027 4316 τελείως
2078 4269 2135 4308 τι
2178 4242 2465 4325 πραττόν-
