3092 5084
1643 506 1764 565 128

1639 712 1780 794 §a

1104 950 1198 1011 De
1242 948 1515 1011 Platonis
1558 948 1867 1011 itineribus
1913 948 1977 1011 in
2021 948 2304 1013 Siciliam.

775 1184 923 1249 Tres
976 1184 1042 1248 in
1087 1182 1367 1269 Epistola
1410 1190 1826 1249 memorantur
1870 1184 2146 1249 Platonis
2194 1186 2490 1250 adventus
2539 1184 2711 1269 Syra-

684 1325 895 1381 cusaS,
945 1324 1207 1386 quorum
1253 1311 1526 1388 tempora
1574 1304 1737 1367 haud
1783 1292 2039 1369 obsoni-e
2084 1306 2452 1369 indicantur.

772 1422 1048 1486 Primum
1111 1422 1435 1507 Syracusas
1497 1424 1730 1487 venisse
1786 1447 1849 1487 sc
1897 1424 2047 1487 dicit
2093 1424 2207 1487 XL
2255 1448 2446 1489 annos
2492 1432 2708 1488 natum

681 1540 743 1604 h.
794 1563 845 1603 e.
894 1540 995 1604 Ol.
1031 1544 1135 1619 97,
1170 1544 1247 1620 4,
1282 1564 1335 1605 a.
1369 1564 1423 1605 a.
1458 1540 1526 1605 C.
1564 1544 1712 1605 389.
1755 1532 1908 1608 ’Ὀτὲ
1937 1542 2056 1621 γὰρ
2088 1545 2223 1607 κατ’
2252 1544 2450 1623 ἀρχὰς
2482 1544 2561 1615 εἷς
2594 1552 2711 1607 Συ-

679 1660 965 1740 ρακούσαις
1013 1662 1128 1737 ἐγὼ
1172 1661 1496 1743 ἀφικόμην,
1542 1661 1752 1741 σχεδὸν
1797 1661 1896 1736 ἔτη
1943 1660 2380 1743 τετταράκοντα
2410 1663 2666 1739 γεγονώς
2687 1714 2706 1737 ,

684 1778 834 1843 Δίων
880 1775 1012 1859 ἐἶχε
1057 1781 1159 1853 τὴν
1206 1780 1436 1854 ἠλικίαν
1483 1775 1548 1855 ἣν
1592 1786 1770 1845 τανῦν
1815 1784 2139 1860 Ἱππαρῖνος
2185 1780 2443 1859 γέγονεν.
2507 1779 2706 1864 Epist.

682 1896 830 1960 VII.
877 1920 937 1981 p.
986 1899 1115 1959 324
1166 1899 1243 1960 A.
1292 1896 1628 1981 Dionysius
1676 1900 1868 1983 major
1915 1921 1986 1961 eo
2033 1905 2304 1983 tempore
2334 1920 2591 1983 regnum
2622 1898 2708 1961 ibi

680 2015 948 2078 tenebat.
1032 2013 1193 2079 Cum
1242 2015 1356 2078 hoc
1402 2022 1674 2099 tempore
1721 2016 1931 2099 pulcre
1977 2016 2246 2080 concinit
2294 2016 2460 2100 quod
2507 2016 2709 2101 prodi-

678 2143 813 2196 tum
876 2139 1001 2211 est,
1065 2132 1421 2211 Platonem,
1486 2155 1678 2216 quum
1745 2133 1996 2197 liberius
2060 2147 2316 2220 tyranno
2378 2136 2706 2199 oblocutus

680 2258 873 2329 esset,
932 2250 1007 2313 ab
1070 2274 1141 2314 eo
1199 2251 1430 2314 Pollidi
1489 2251 2110 2320 Lacedaemoniorum
2156 2253 2358 2338 legato
2406 2254 2702 2317 traditum

680 2393 843 2447 esse,
909 2393 945 2432 a
1006 2392 1129 2454 quo
1190 2371 1383 2434 fertur
1446 2371 1748 2455 (λέγεται,
1815 2379 1886 2435 ut
1947 2372 2157 2435 scribit
2201 2372 2592 2459 Plutarchus)
2639 2373 2704 2436 in

681 2489 980 2571 Aeginam
1045 2488 1349 2551 abductus
1398 2512 1528 2553 esse
1576 2489 1784 2573 ibique
1830 2490 2148 2569 venditUS,
2197 2491 2305 2554 sed
2351 2490 2518 2555 brevi
2567 2499 2706 2575 post

680 2607 755 2672 ab
818 2608 1011 2671 amico
1075 2608 1444 2671 Anniceride
1505 2608 1854 2694 redemptus
1901 2616 1962 2673 et
2003 2610 2069 2673 in
2122 2609 2380 2694 patriam
2427 2633 2702 2674 reversus

679 2750 828 2791 esse.
920 2728 1129 2791 Testes
1185 2726 1558 2792 Plutarchus
1606 2729 1788 2793 Dion.
1839 2752 1890 2793 c.
1941 2732 1976 2793 5
1999 2779 2016 2807 ,
2064 2729 2348 2794 Laiirtius
2395 2729 2532 2808 ΙΙΙ,
2587 2733 2700 2807 14,

682 2848 800 2924 18,
851 2846 1149 2909 Aristides
1195 2846 1266 2910 T.
1316 2846 1455 2924 ΙΙΙ,
1506 2871 1566 2932 p.
1616 2850 1766 2911 382.
1859 2847 2183 2912 Exarserat
2229 2848 2392 2911 enim
2438 2871 2509 2911 eo
2569 2848 2700 2933 ipso

675 2972 948 3049 tempore
1008 2963 1240 3028 bellum
1301 2964 1460 3027 inter
1522 2964 1852 3048 Aeginetas
1915 2973 1974 3029 et
2037 2966 2439 3029 Athenienses
2455 3015 2500 3045 ‚.
2533 2965 2700 3050 quod

678 3082 922 3147 duravit
982 3082 1057 3145 ab
1121 3082 1220 3146 Ol.
1286 3084 1393 3161 97,
1458 3076 1627 3147 4'ad
1673 3081 1772 3155 Ql.
1823 3086 1943 3162 98,
1993 3086 2070 3161 2,
2119 3086 2294 3147 cuius
2341 3084 2486 3147 belli
2533 3108 2702 3149 occa-

677 3201 847 3264 sione
907 3199 1003 3277 id,
1067 3201 1120 3263 si
1165 3208 1368 3263 tamen
1416 3222 1555 3263 vere
1599 3201 1896 3265 traditum
1941 3210 2065 3279 est,
2132 3202 2380 3267 Platoni
2427 3204 2696 3267 evenisse

673 3320 895 3405 potuit.
937 3320 982 3405 ¹)
2165 3324 2170 3327 ’

762 3438 1046 3500 Alterum
1099 3436 1373 3499 Platonis
1435 3438 1554 3501 iter
1618 3444 1970 3523 susceptum
2033 3437 2258 3501 dicitur
2319 3438 2488 3502 brevi
2533 3448 2697 3524 post-

672 3578 857 3639 quam
928 3556 1223 3640 Dionysio
1291 3556 1508 3619 maiori
1578 3557 1641 3620 in
1711 3579 1970 3641 regnum
2041 3557 2331 3621 successit
2397 3556 2600 3635 filius,
2661 3582 2697 3621 a

672 3697 795 3759 quo
865 3675 1083 3737 Dionis
1152 3674 1403 3738 hortatu
1470 3674 1799 3759 Syracusas
1864 3698 1934 3738 se
1981 3676 2330 3739 arcessitum
2377 3700 2509 3741 esse
2555 3677 2698 3740 scri-

670 3924 769 3986 ἔφη.
828 3917 954 3967 Ibid.
1000 3918 1095 3977 IX,
1142 3917 1240 3968 592
1282 3917 1353 3967 B:
1398 3922 1475 3970 ἐπὶ
1510 3927 1596 3984 γῆς
1625 3916 1669 3984 γ’
1703 3920 1903 3985 οὐδαμοῦ
1937 3920 2067 3985 οἶμαι
2101 3922 2238 3979 αὐτὴν
2271 3919 2394 3970 εἶναι.
2467 3914 2608 3977 Ἀλλ’,
2645 3920 2699 3975 ἦν

672 4010 711 4063 δ’
728 4019 842 4078 ἐγὼ,
884 4018 928 4064 ἓν
966 4016 1137 4084 οὖράνῳ
1168 4017 1275 4072 ἴσως
1307 4016 1610 4084 παράδειγμα
1640 4022 1873 4067 ἀνάκειται
1905 4026 1973 4083 τῷ
2005 4018 2264 4083 βουλομένῳ
2295 4018 2410 4083 ὁρᾶν
2445 4020 2520 4068 καὶ
2537 4018 2696 4085 ὁρῶντι

669 4110 829 4159 ἑαυτὸν
873 4112 1154 4171 κατοικίζειν.
1202 4110 1279 4157 Cf.
1330 4109 1604 4169 Hermann,
1647 4111 1698 4159 ll.
1732 4128 1781 4175 p.
1820 4110 1882 4161 67
1923 4126 1994 4174 sq.
2037 4114 2087 4159 et
2127 4115 2228 4159 not.
2264 4127 2312 4174 p.
2353 4111 2466 4162 118.

738 4204 785 4264 1)
821 4204 927 4253 Via.
972 4204 1224 4262 Con-sinus,
1280 4206 1445 4269 Symb.
1507 4207 1625 4256 Litt.
1680 4224 1726 4270 p.
1785 4206 1876 4255 103
1923 4222 2026 4270 sqq.
2094 4205 2326 4255 Dodwelli
2363 4206 2574 4254 Annales
2608 4207 2696 4255 Xe-

668 4298 815 4363 noph.
850 4315 895 4364 p.
932 4299 1043 4349 216.
