3092 5084
1393 463 1476 524 39

423 669 576 732 tinis
638 668 954 733 discordiis
1015 668 1308 746 lacerata,
1371 669 1835 734 imminentibus
1896 668 2178 733 hostibus
2194 719 2212 747 ,
2268 671 2332 733 in
2379 675 2451 734 re'

423 788 672 873 trepida
706 811 814 873 per
843 787 1050 851 literas
1083 787 1312 851 adeunt
1340 786 1663 850 Platonem
1693 787 2019 852 consilium
2052 795 2113 851 et
2143 787 2441 853 auxilium

418 915 728 992 rogantes,
822 905 1063 970 Horum
1121 906 1427 990 rogationi
1485 900 1591 968 ille
1650 905 1765 970 hac
1825 906 2083 991 epistola
2128 907 2440 971 satisfacit.

418 1024 597 1102 Iam,
647 1024 799 1109 quid
828 1023 1194 1109 respondet?
1241 1023 1316 1087 Se
1348 1029 1589 1108 praesto
1620 1023 1744 1087 illis
1776 1024 1938 1102 fore,
1988 1025 2039 1088 si
2072 1024 2282 1090 eodem
2316 1026 2442 1090 sint

419 1143 630 1206 animo
676 1165 798 1226 quo
843 1142 965 1206 Dio
1012 1143 1254 1220 fuisset;
1301 1147 1434 1204 tum
1482 1148 1685 1208 autem
1730 1142 1915 1227 longa
1954 1142 2225 1208 oratione
2258 1167 2437 1208 suum
2498 1159 2507 1183 '·

416 1263 618 1348 ipsius
665 1262 824 1328 vitae
853 1258 1210 1326 institutum
1226 1311 1244 1339 ,
1287 1261 1651 1325 sententiam
1683 1261 1759 1325 de
1787 1261 2103 1347 republica
2118 1311 2136 1341 ,
2184 1263 2443 1326 necessi-

419 1367 705 1445 tudinem
751 1403 892 1444 cum
937 1357 1138 1444 Dione
1183 1387 1244 1444 et
1289 1379 1586 1464 Dionysio
1602 1430 1621 1458 ,
1671 1386 1925 1444 conatus
1974 1381 2050 1444 ad
2090 1381 2436 1445 liberandos

417 1497 831 1588 Syracusanos
878 1505 1118 1563 enarrat
1131 1526 1150 1577 ;
1211 1499 1364 1562 haec
1423 1499 1629 1563 omnia
1672 1500 1963 1564 nimirum
2010 1499 2105 1564 διὰ
2150 1503 2253 1575 τὴν
2297 1505 2437 1566 αἰτο-

415 1621 564 1685 m‘oev
621 1619 720 1684 καὶ
775 1619 1028 1695 ἀλογίαν
1073 1625 1182 1684 τῶν
1215 1619 1591 1700 λεγομένων,
1641 1627 1713 1682 ut
1757 1619 1941 1683 falsos
1988 1619 2084 1684 his
2130 1620 2207 1684 de
2251 1621 2433 1685 rebus

411 1759 691 1802 rumores
738 1744 800 1800 et
844 1737 1158 1822 opiniones
1204 1736 1563 1821 redarguat3
1612 1737 1778 1820 quod
1824 1744 2030 1802 autem
2075 1739 2433 1823 primarium

413 1861 550 1918 erat
589 1855 882 1932 officium,
926 1862 1000 1919 ut
1029 1853 1353 1918 consilium
1383 1854 1555 1918 daret
1584 1855 1963 1939 petentibus„
2009 1856 2076 1920 id
2108 1857 2429 1941 epistolae,

410 1981 544 2037 tam
590 1974 808 2058 longae
852 1979 923 2038 ut
960 1974 1115 2059 justi
1160 1981 1350 2058 paene
1393 1973 1535 2038 libri
1580 1974 1831 2038 modum
1860 1974 2143 2060 impleat,
2188 1976 2429 2041 duabus

412 2073 659 2176 paginis
690 2093 1026 2159 absolvitur
1057 2093 1138 2176 (p.
1175 2095 1301 2155 336
1336 2091 1602 2157 0—337
1639 2091 1734 2175 E).
1784 2090 1956 2172 Quid
1986 2093 2101 2156 hoc
2135 2094 2305 2159 aliud
2337 2101 2431 2160 est

411 2209 540 2273 nisi
583 2210 968 2274 consulentes
1015 2208 1304 2274 eludere?
1325 2211 1327 2213 ’
1351 2207 1565 2289 Quid?
1610 2232 1813 2274 nonne
1852 2209 2071 2276 Dionis
2102 2213 2429 2278 familiares

409 2327 478 2391 in
527 2328 798 2413 rogando
845 2329 1096 2395 consilio
1142 2326 1259 2414 ipsi
1298 2327 1429 2414 jam⁴
1470 2327 1948 2407 declaraverant,
1997 2336 2069 2394 ut
2098 2330 2275 2394 initio
2308 2332 2431 2416 epi-

412 2447 610 2510 stolae
655 2447 898 2531 legitur,
947 2470 1013 2511 se
1055 2446 1278 2512 habere
1322 2448 1424 2522 τὺν
1469 2449 1653 2522 αὐτὴν
1697 2447 1944 2513 διανοίαν
1981 2444 2045 2524 ἣν
2076 2445 2206 2530 εἶχε
2230 2449 2428 2516 Aiane?

508 2565 626 2628 Sed
669 2555 872 2650 palam
917 2572 1010 2630 est
1054 2572 1246 2630 totam
1291 2588 1535 2631 causam
1582 2566 1785 2630 fictam
1840 2589 1987 2632 esse.
2080 2565 2245 2632 Nam
2291 2569 2428 2656 quis

412 2684 624 2749 credat
683 2683 902 2748 Dionis
963 2685 1158 2748 socios
1219 2685 1283 2747 in
1344 2706 1410 2748 re
1473 2691 1735 2769 angusta
1749 2735 1767 2763 ,
1830 2685 1940 2750 ubi
1985 2694 2221 2770 promte
2266 2688 2427 2752 facto

410 2803 622 2888 potius
669 2825 853 2887 quam
897 2810 1134 2867 mature
1173 2803 1454 2866 consulto
1486 2825 1642 2888 opus
1675 2811 1803 2867 erat
1819 2853 1837 2881 ,
1886 2826 2130 2868 vocasse
2163 2806 2427 2872 amicum
2460 2857 2468 2864 .

411 2921 755 2985 multorum
834 2921 1070 2986 dierum
1150 2920 1366 2984 itinere
1432 2943 1478 2988 ,a
1555 2944 1618 2984 se
1654 2963 1659 2969 -
1692 2928 1995 2987 remotum
2010 2973 2029 3000 ‚
2116 2923 2423 2988 hominem

411 3025 945 3134 septuagenarium
963 3089 982 3117 ,
1030 3039 1096 3104 in
1141 3038 1357 3104 umbra
1403 3039 1764 3104 Academiae
1795 3040 2115 3126 degentem
2130 3092 2149 3121 ,
2198 3050 2271 3106 ut
2299 3066 2425 3107 non

411 3158 614 3222 solum
651 3158 842 3238 λόγῳ,
892 3159 998 3222 sed
1043 3157 1188 3239 ἔργῳ
1229 3158 1414 3222 vellet
1457 3158 1607 3243 ipsis
1638 3159 1952 3224 κοινωνεῖνΡ
1998 3167 2140 3239 aut,
2175 3161 2228 3224 si
2256 3162 2425 3226 fecis-

411 3284 581 3355 sent,
628 3277 946 3341 Platonem
991 3277 1066 3341 iis
1111 3277 1488 3363 rescripsisse
1525 3278 1709 3342 talem
1742 3279 2064 3365 epistolam
2094 3303 2251 3364 quae
2282 3304 2421 3345 con-

411 3397 682 3460 sulentes
727 3396 1009 3482 fatigaret
1053 3395 1258 3481 potius
1306 3417 1489 3479 quam
1535 3394 1798 3460 doceret.

500 3513 829 3594 Quodnam
897 3515 978 3578 sit
1039 3535 1246 3577 verum
1293 3513 1584 3599 epistolae
1630 3515 2007 3599 propositum
2028 3566 2047 3593 ‚
2108 3538 2423 3601 argumen-

408 3642 543 3697 tum
602 3632 770 3696 haud
831 3632 1086 3696 obscure
1144 3632 1392 3697 indicat.
1487 3633 1544 3696 A
1605 3633 1907 3718 principio
1971 3634 2049 3699 ad
2110 3637 2291 3700 finem
2353 3636 2419 3701 id

413 3751 648 3835 agitur,
711 3757 786 3814 ut
844 3750 1235 3828 ostendatur,
1298 3750 1494 3834 qualis
1556 3750 1742 3814 fuerit
1802 3750 2078 3818 Platonis
2140 3753 2283 3818 inde
2345 3755 2421 3819 ab

413 3869 818 3934 adolescentia
863 3871 938 3934 de
982 3869 1295 3954 republica
1356 3871 1659 3934 sententia
1703 3877 1765 3935 et
1810 3871 2092 3962 voluntas
2108 3923 2127 3950 ,
2190 3879 2251 3936 et
2296 3896 2419 3957 quo

413 3987 666 4052 consilio
727 3988 941 4066 semel,
999 3988 1250 4066 iterum,
1313 3988 1557 4082 tertio3.
1591 3989 1705 4053 etsi
1766 3989 2013 4074 grandis
2075 3974 2227 4054 natu
2242 4042 2261 4070 ‚
2318 3992 2421 4077 Sy-

411 4129 654 4170 racusas
716 4107 1022 4190 profectus
1092 4107 1210 4170 sit:
1289 4107 1577 4170 nimirum
1646 4115 1719 4172 ut
1785 4130 1911 4172 una
1976 4132 2115 4174 cum
2182 4108 2416 4189 Dione,

415 4226 684 4312 egregiae
728 4225 952 4289 indolis
999 4225 1409 4305 adolescente,
1457 4234 1781 4292 conaretur
1824 4227 2190 4317 Dionysium
2218 4237 2419 4319 tyran-

1624 4415 1672 4438 Μ,
1698 4391 2049 4424 ”“·““““’“”“’“χ

1585 4439 1649 4507 flu
1674 4457 1698 4506 ’1,
1724 4450 1734 4464 “
1777 4458 1793 4488 .·
1844 4432 1940 4488 U&
1960 4445 2035 4507 ¹¹³4
2054 4460 2101 4517 l>

1590 4510 1623 4538 Υ·
1786 4530 1827 4555 ‹·
1874 4527 1940 4551 mc
2133 4495 2202 4535 ’Nx

1497 4472 2235 4678 (ltxlleiSlTyY)

1509 4653 1639 4774 ⁸&
1664 4661 2209 4794 Qkst’v’ifflslssyx'

1975 4769 2056 4790 --.θ’
