3092 5084
1601 488 1722 548 '184

654 697 993 774 ξύμπαντος
1058 698 1178 774 πέρι
1236 695 1333 758 καὶ
1398 697 1453 759 ἐν
1514 701 1748 776 ψυχαῖς
1797 695 1950 770 ἤθους
1971 744 1988 771 ,
2037 693 2135 757 καὶ
2183 693 2309 772 περὶ
2356 693 2660 767 ποιήματα

562 813 615 876 Ε
658 814 756 878 καὶ
817 813 1148 892 παθήματα
1203 813 1529 890 ξύμπαντα
1546 863 1563 878 .
1625 815 1686 878 οὐ
1747 813 1896 892 γάρ,
1941 809 2014 877 ἂν
2057 810 2270 876 τούτων
2313 811 2398 886 μή
2441 834 2530 881 τις
2577 808 2658 872 τά

348 1324 407 1384 p.
458 1302 606 1362 34⁴3.

654 930 912 1013 τέτταρα
966 931 1131 1012 λάβη
1188 932 1558 1010 άμωσγέπως
1577 984 1594 1006 ,
1661 931 1871 996 οὔποτε
1931 930 2140 1000 τελέως
2194 930 2516 1005 ἐπιστήμης
2561 934 2662 993 τοῦ

656 1052 928 1127 πέμπτου
972 1053 1225 1133 μέτοχος
1270 1052 1435 1118 ἔσται
1460 1101 1477 1118 .
1523 1052 1658 1132 πρὸς
1705 1051 1822 1133 γαρ
1852 1039 2070 1123 τούτοις
2093 1046 2264 1114 ταῦτ’
2290 1049 2334 1132 ¹)
2357 1049 2472 1128 οὐχ
2495 1043 2662 1121 ἦττον

654 1174 939 1252 ἐπιχειρεῖ
989 1170 1056 1235 τὸ
1114 1170 1270 1235 ποῖόν
1312 1195 1370 1235 τι
1414 1169 1540 1248 περὶ
1587 1167 1828 1236 ἕκαστον
1874 1170 2074 1242 δηλοῦν
2121 1168 2154 1245 ἢ
2199 1167 2266 1232 τὸ
2312 1165 2368 1231 ὃν
2413 1165 2658 1231 ἑκάστου

655 1289 757 1354 δια
792 1291 859 1353 τὸ
904 1295 1014 1353 τῶν
1060 1289 1248 1366 λόγων
1292 1287 1521 1359 άσθενές
1550 1337 1566 1352 .
1614 1283 1685 1353 ὧν
1730 1284 1898 1353 ἕνεκα
1943 1293 2063 1352 νοῦν
2108 1285 2259 1368 ἔχων
2303 1284 2478 1356 οὐδεὶς
2523 1287 2658 1348 τόλ-

654 1407 825 1484 μήσει
888 1411 1014 1472 ποτ’
1071 1409 1148 1478 εἰς
1214 1407 1357 1472 αὐτὸ
1410 1405 1617 1474 τιθέναι
1676 1408 1758 1473 τοὶ
1802 1406 2105 1483 νενοημένα
2153 1407 2250 1469 ὑπ’
2295 1408 2473 1470 αὑτοῦ
2491 1456 2510 1480 ,
2559 1403 2657 1468 καὶ

654 1526 828 1590 ταῦτ’
892 1526 971 1596 εἰς
1031 1527 1480 1602 ἀμετακίνητον,
1506 1528 1558 1609 2)
1623 1523 1651 1590 ὃ
1713 1527 1776 1600 δη
1835 1526 2064 1606 πάσχει
2136 1525 2218 1589 τοὶ
2262 1520 2658 1603 γεγραμμένα

655 1645 854 1715 τύποις
874 1693 889 1708 .
945 1650 1111 1708 τοῦτο
1173 1645 1230 1708 δὲ
1290 1645 1470 1710 πάλιν
1530 1642 1609 1709 αὖ
1663 1646 1728 1709 τὸ
1784 1650 1879 1710 νῦν
1933 1643 2244 1720 λεγόμενον
2289 1642 2378 1706 δεῖ
2415 1642 2622 1719 μαθεῖν
2642 1692 2655 1706 .

660 1764 863 1836 κύκλος
910 1761 1150 1836 ἕκαστος
1194 1769 1306 1828 τῶν
1342 1765 1398 1828 ἐν
1442 1772 1577 1837 ταῖς
1623 1763 1863 1845 πράξεσι
1881 1763 1928 1848 ³)
1965 1761 2346 1844 γραφομένων
2369 1761 2519 1836 aaa)
2541 1784 2664 1840 τορ-

654 1883 947 1947 νευθέντων
1005 1885 1219 1959 μεστὸς
1276 1889 1377 1948 τοῦ
1437 1885 1689 1950 ἐναντίου
1750 1884 1872 1972 ἐστὶ
1926 1885 2007 1964 τῷ
2054 1882 2308 1962 πέμπτῳ
2331 1901 2346 1916 ·
2392 1886 2494 1946 τοῦ
2541 1880 2661 1960 γὰρ

653 1999 834 2070 εὐθέος
894 2001 1235 2080 ἐφάπτεται
1280 2001 1472 2084 πάντη
1496 2023 1511 2036 ·
1563 2001 1736 2074 αὐτὸς
1781 2002 1870 2078 δέ,
1915 2001 2120 2082 φαμέν
2135 2049 2153 2082 ,
2202 2001 2231 2064 ὅ
2275 1999 2483 2070 κύκλος
2530 1996 2664 2063 οὔτε

652 2141 711 2182 τι
771 2118 1128 2199 σμικρότερον
1186 2119 1316 2184 οὔτε
1369 2119 1562 2201 μεῖζον
1605 2127 1709 2192 τῆς
1756 2120 2017 2192 ἐναντίας
2063 2119 2191 2199 ἔχει
2237 2119 2294 2182 ἕν
2339 2117 2498 2198 αὑτῷ
2542 2117 2660 2194 Φύ-

654 2259 793 2308 σεως
823 2285 837 2300 .
898 2221 1079 2314 ὄνομά
1134 2239 1189 2301 τ’
1250 2240 1438 2303 αὐτῶν
1492 2238 1695 2318 φαμὲν
1757 2238 1906 2303 οὐδὲν
1959 2236 2133 2302 οὐδενὶ
2179 2235 2428 2314 βέβαιον
2471 2231 2616 2299 εἶναι
2641 2254 2659 2272 ·

560 2363 612 2426 Β
657 2355 862 2420 κωλύει
885 2356 937 2438 4)
998 2355 1045 2418 δ’
1067 2355 1218 2420 οὐδὲν
1277 2357 1357 2420 τὰ
1419 2363 1513 2422 νῦν
1575 2357 1920 2434 στρογγύλα
1978 2355 2313 2430 καλούμενα
2358 2352 2525 2418 εὐθέα
2569 2377 2662 2418 κε-

654 2473 929 2555 κλῆσθαι,
992 2473 1073 2538 τά
1130 2477 1186 2540 τ’
1218 2475 1385 2539 εὐθέα
1450 2475 1517 2550 δὴ
1580 2474 1957 2558 στρογγύλα,
2005 2473 2102 2538 καὶ
2148 2473 2299 2539 οὐδὲν
2346 2468 2514 2548 ἦττον
2557 2471 2662 2548 βε·-

652 2593 839 2670 βαίως
883 2589 1029 2668 ἕξειν
1071 2601 1190 2664 τοῖς
1235 2593 1644 2670 μεταθεμένοις
1684 2593 1781 2656 καὶ
1823 2594 2085 2664 ἐναντίως
2115 2597 2357 2657 καλοῦσι
2384 2641 2398 2656 .
2425 2590 2522 2654 καὶ
2548 2592 2665 2669 μὴν

656 2713 779 2790 περὶ
826 2709 1006 2788 λόγου
1065 2712 1128 2785 γ’
1176 2711 1201 2771 ὁ
1247 2709 1421 2781 αὐτὸς
1466 2710 1640 2784 λόγος
1657 2760 1676 2792 ,
1725 2707 1879 2790 ε’ίπερ
1916 2709 1983 2786 ἐξ
2018 2709 2307 2788 ὀνομάτων
2345 2710 2442 2773 καὶ
2482 2705 2662 2789 ῥημά-

654 2852 767 2892 των
796 2826 1136 2909 σύγκειται,
1180 2827 1353 2905 μηδὲν
1385 2829 1588 2900 ἱκανῶς
1618 2828 1861 2906 βέβαιον
1891 2823 2032 2892 εἶναι
2053 2879 2067 2894 .
2093 2830 2144 2912 5)
2175 2827 2367 2907 μυρίος
2398 2827 2456 2890 δὲ
2489 2825 2665 2902 λόγος

654 2944 731 3010 αὖ
769 2946 892 3025 περὶ
932 2945 1177 3010 ἑκάστου
1213 2953 1323 3010 τῶν
1360 2945 1650 3027 τεττάρων
1665 2995 1684 3024 ,
1731 2949 1804 3019 ὥς
1847 2945 2081 3028 άσαφές
2110 2965 2124 2980 ·
2156 2947 2224 3010 τὸ
2261 2945 2320 3009 δὲ
2350 2943 2628 3022 μέγιστον
2645 2995 2664 3026 ,

654 3063 789 3145 ὅπερ
834 3063 1067 3142 εἴπομεν
1111 3047 1303 3141 ὀλίγον
1342 3065 1654 3144 ἔμπροσθεν
1671 3117 1689 3141 ,
1730 3064 1813 3130 ὅτι
1853 3065 1996 3130 δυοῖν
2029 3065 2201 3130 ὄντοιν
2216 3116 2236 3140 ,
2273 3070 2375 3130 τοῦ
2419 3068 2474 3128 τ’
2507 3063 2660 3136 ὄντος

564 3190 614 3254 C
658 3182 756 3247 καὶ
808 3188 911 3248 τοῦ
956 3188 1111 3248 ποιοῦ
1156 3183 1302 3255 τινός
1320 3235 1337 3259 ,
1384 3187 1446 3250 ού
1489 3184 1558 3248 τὸ
1604 3184 1759 3250 ποῖόν
1803 3209 1896 3267 τι,
1943 3185 2008 3250 τὸ
2052 3184 2111 3248 δὲ
2153 3185 2215 3249 τί
2255 3183 2530 3265 ζητούσης
2582 3185 2660 3247 εἰ·

656 3300 805 3365 δέναι
866 3310 969 3376 τῆς
1014 3310 1220 3383 ψυχῆς
1236 3351 1253 3385 ,
1303 3303 1370 3368 τὸ
1414 3306 1497 3382 μὴ
1543 3302 1881 3384 ζητούμενον
1929 3300 2169 3368 ἕκαστον
2214 3309 2325 3368 τῶν
2367 3305 2658 3395 τεττάρων

726 3658 771 3718 l)
804 3657 863 3704 In
910 3656 985 3705 his
1035 3651 1214 3713 verbis,
1260 3661 1373 3724 πρὸς
1416 3661 1513 3725 γὰρ
1557 3658 1735 3714 τούτοις
1777 3655 1936 3720 ταῦτ’,
1976 3656 2146 3706 vitium
2179 3656 2423 3706 inhaerere
2456 3656 2660 3706 videtur.

660 3751 969 3800 Commodum
1004 3751 1234 3800 medelam
1267 3767 1364 3800 non
1397 3751 1550 3800 video.

728 3848 777 3907 2)
813 3846 1045 3896 Nonnulli
1090 3846 1200 3896 libri
1235 3850 1591 3912 εὖμοτακίνητον.
1658 3847 1870 3896 Alteram
1916 3848 2169 3897 lectionem
2203 3848 2433 3912 praetuli3
2468 3848 2662 3913 respicit

660 3943 818 3991 locum
852 3959 877 3991 e
911 3941 1157 4001 Phaedro,
1193 3959 1241 4006 p.
1275 3941 1370 3994 275
1408 3943 1480 4000 D,
1516 3959 1659 4007 quem
1692 3943 1815 3992 infra
1849 3943 1998 4002 dabo,
2035 3959 2080 4007 p.
2115 3944 2213 3992 204
2248 3959 2325 4007 aq.

726 4038 774 4098 3)
806 4038 931 4087 Mire
956 4037 1134 4087 dict-um
1170 4039 1321 4097 κύκλος
1351 4049 1441 4090 τῶν
1471 4044 1517 4090 ἐν
1546 4048 1650 4098 ταῖς
1681 4043 1878 4108 πράξεσι
1909 4056 1997 4104 pro
2031 4040 2210 4089 circulo
2243 4055 2384 4090 manu
2419 4041 2545 4089 facto
2583 4040 2656 4088 vel
