3092 5084
1369 554 1448 612 25

493 761 723 824 Harum
797 758 1206 844 Epistolarum
1271 757 1542 840 quinque
1616 754 1918 840 prioribus
1938 804 1954 831 ,
2019 751 2234 830 I-V,
2299 751 2413 813 hoc

404 899 728 942 commune
787 876 1112 942 consilium
1173 875 1414 952 subest,
1473 874 1638 959 quod
1685 873 1929 957 quidem
1976 871 2107 935 111⁸
2152 878 2214 934 et
2258 869 2413 932 Vlla

403 997 719 1062 manifeste
778 1019 918 1081 prae
979 1018 1043 1059 se
1087 994 1317 1072 ferunt,
1365 1001 1437 1057 ut
1478 993 1795 1057 Platonem
1843 1014 1879 1055 a
1923 990 2173 1055 diversis
2218 1009 2414 1073 repre-

404 1115 802 1180 hensionibus
848 1113 1194 1179 defendant.
1272 1112 1590 1178 Praeterea
1635 1111 1801 1176 aliud
1846 1117 1937 1176 est
1972 1111 2038 1174 in
2071 1131 2191 1193 quo
2221 1107 2413 1172 trede-

403 1235 525 1299 cim
570 1234 858 1319 epistolae
904 1240 1156 1297 cunctae
1199 1231 1599 1309 conveniunt,
1635 1227 1800 1314 quod
1837 1251 2055 1312 nempe
2092 1226 2415 1291 Platonem

405 1341 583 1417 nobis
630 1357 982 1438 proponunt
1011 1373 1134 1415 non
1167 1350 1366 1414 solum
1396 1356 1470 1414 ut
1499 1348 1965 1434 philosophum,
1999 1346 2105 1410 sed
2135 1353 2209 1410 ut
2238 1343 2415 1426 ἄνδρα

404 1469 695 1537 πολιτικόν
709 1520 730 1549 ,
778 1471 885 1554 qui
930 1491 1071 1534 cum
1113 1468 1491 1554 principibus
1537 1489 1684 1531 suae
1731 1467 1942 1530 aetatis
1988 1466 2132 1529 viris
2173 1472 2235 1528 et
2264 1463 2416 1548 regi-

409 1591 526 1655 bus
597 1588 880 1653 familiari
942 1586 1383 1652 consuetudine
1446 1586 1700 1670 junctus
1761 1591 1919 1649 esset
1980 1583 2054 1648 ab
2099 1582 2297 1666 iisque
2350 1582 2415 1645 in

405 1708 588 1773 rebus
634 1706 938 1772 civitatem
980 1704 1372 1790 tangentibus
1404 1711 1698 1787 tanquam
1716 1703 1906 1789 judex
1932 1708 1994 1766 et
2019 1702 2241 1767 arbiter
2264 1701 2417 1766 cole-

405 1833 596 1892 retur.
651 1824 870 1908 Itaque
916 1824 1032 1889 1100
1078 1823 1259 1887 etiam
1305 1845 1375 1886 eo
1423 1822 1597 1886 ducit
1641 1830 1713 1886 ut
1744 1821 2059 1886 credamus
2074 1869 2093 1898 ‚
2128 1819 2415 1904 epistolas

411 1945 521 2008 has
537 1994 556 2022 ,
605 1965 972 2028 quamquam
1025 1941 1425 2027 praestantiae
1469 1940 1665 2026 gradu
1711 1940 2011 2026 dispares,
2060 1961 2133 2004 ex
2176 1961 2302 2002 una
2332 1946 2419 2002 ta-

411 2084 551 2126 men
597 2060 772 2146 quasi
817 2060 1055 2125 officina
1099 2083 1228 2126 esse
1274 2059 1593 2145 profectas,
1633 2062 1678 2146 ι)

496 2179 615 2244 Sed
659 2187 734 2243 ut
777 2179 1078 2244 scribendi
1122 2177 1375 2243 consilio
1423 2186 1482 2243 et
1527 2186 1885 2264 argumento
1932 2177 2222 2262 epistolae
2260 2177 2418 2241 inter

411 2322 476 2364 se
514 2300 764 2384 junctae
811 2305 956 2362 sunt
971 2347 990 2376 ,
1037 2299 1126 2362 ita
1169 2298 1351 2362 etiam
1395 2298 1719 2363 intercedit
1763 2299 1839 2362 iis
1883 2297 2147 2382 ingenii,
2188 2297 2416 2382 figurae

407 2419 757 2501 formaeque
801 2417 1220 2481 convenientia
1265 2425 1325 2481 et
1370 2417 1543 2501 quasi
1590 2417 1871 2503 cognatio
1919 2416 2234 2502 quaedam.

497 2535 561 2599 Si
605 2536 920 2620 ingenium
965 2535 1282 2601 scribentis
1328 2536 1607 2601 attendas
1624 2586 1643 2615 ‚
1692 2537 1923 2622 ubique
1964 2536 2033 2600 in
2062 2534 2138 2599 iis
2170 2541 2422 2620 apparet

410 2655 478 2718 τὸ
520 2652 852 2736 φιλόδοξονε
899 2655 1258 2740 sapientiam
1302 2677 1427 2718 non
1466 2663 1713 2741 propter
1757 2677 1820 2720 se
1861 2654 2061 2719 solum
2093 2654 2200 2719 sed
2231 2677 2422 2738 aeque

409 2781 654 2858 propter
739 2772 1057 2837 hominum
1118 2773 1467 2859 opinionem
1540 2783 1603 2838 et
1676 2773 1933 2859 gloriam
2017 2796 2201 2858 quam
2261 2773 2422 2858 parit

409 2890 805 2975 expetendam
853 2913 998 2956 esse.
1101 2891 1276 2957 Clare
1323 2892 1438 2955 hoc
1481 2892 1792 2976 eloquitur
1835 2892 2114 2978 Epistola
2161 2892 2230 2957 H
2245 2942 2264 2971 ,
2314 2891 2421 2956 ubi

409 3009 486 3072 ad
546 3008 909 3095 Dionysium
953 3009 1103 3074 haec
1148 3009 1388 3088 scribit,
1435 3033 1495 3095 p.
1544 3013 1669 3074 311
1720 3009 1804 3074 O:
1860 3010 2093 3088 ἀνάγκη
2140 3012 2259 3090 γαρ
2280 3062 2298 3086 ,
2344 3013 2418 3083 ὥς

409 3126 574 3200 ἔοικε,
643 3127 838 3202 μέλειν
914 3129 1050 3204 ἡμῖν
1117 3127 1215 3192 καὶ
1288 3134 1389 3192 τοῦ
1462 3127 1669 3217 ἔπειτα
1742 3128 1971 3208 χρόνου,
2056 3128 2249 3203 ἐπειδὴ
2316 3127 2417 3192 καὶ

408 3244 772 3324 τυγχάνουσι
815 3245 976 3310 noc-td
1018 3269 1150 3310 τινα
1185 3244 1361 3327 φύσιν
1396 3247 1443 3311 οἱ
1480 3246 1587 3323 μὲν
1632 3245 2227 3327 ἀνδραποδωδέστατοι
2267 3246 2421 3312 οὐδὲν

409 3361 798 3444 φροντίζοντες
858 3366 1038 3428 αὐτοῦ
1053 3412 1072 3444 ,
1139 3363 1188 3428 οἱ
1234 3362 1282 3426 δ’
1303 3364 1715 3429 ἐπιεικέστατοι
1761 3368 1881 3428 πᾶν
1927 3370 2213 3436 ποιοῦντες
2265 3362 2415 3436 ὅπως

413 3479 486 3544 ἂν
524 3479 603 3550 εἰς
645 3478 741 3543 τὸν
785 3479 991 3545 ἔπειτα
1033 3479 1233 3561 χρόνον
1276 3478 1339 3545 εὖ
1369 3481 1703 3546 ἀκούσωσιν.
1752 3480 1846 3546 Of.
1879 3505 1939 3567 p.
1975 3483 2102 3546 312
2138 3481 2209 3547 O.
2259 3481 2419 3546 Cum

482 3665 531 3725 1)
565 3663 742 3714 Similis
787 3665 883 3713 fere
927 3669 999 3713 est
1047 3663 1240 3713 Socheri
1282 3664 1445 3730 opinio
1491 3665 1770 3716 scribentis:
1822 3666 1931 3725 „sie
1976 3666 2064 3730 (01.
2118 3666 2194 3716 die
2240 3665 2421 3728 Briefe)

415 3759 614 3820 „stehen
648 3759 698 3809 10
732 3759 920 3809 11010010
943 3759 1333 3809 ausdrucklichen
1359 3760 1545 3825 Bezuge
1567 3761 1654 3810 auf
1670 3761 1923 3820 einander-3
1958 3762 2025 3811 sie
2046 3761 2422 3827 widerspreehen

414 3856 548 3917 „sich
581 3871 716 3920 sogar
751 3855 974 3904 einander
1007 3855 1179 3914 oster-⁸3
1213 3855 1324 3904 01101·
1357 3855 1434 3904 ein
1459 3855 1954 3920 gemeinschastlicher
1973 3857 2109 3907 Band
2133 3856 2424 3922 umschlingt

415 3951 516 4010 „sie
532 3987 547 4009 ,
594 3950 670 3999 die
712 3949 1110 4015 Rechtfertigung
1152 3947 1502 4014 politisirender
1534 3949 1872 4015 Philosophia,
1906 3952 2006 4001 und
2036 3968 2145 4002 zum
2174 3951 2315 4002 Theil
2348 3952 2423 4002 die

416 4045 766 4110 „Behauptung
813 4045 944 4094 einer
985 4045 1231 4110 gebeimen
1275 4044 1521 4094 Weisheit.
1590 4045 1737 4096 Einer
1782 4046 1971 4096 mochte
2004 4046 2094 4096 den
2129 4049 2320 4113 Anfang
2351 4065 2426 4114 ge-

418 4141 610 4202 „macht
659 4141 808 4191 haben
856 4146 1000 4191 etwas
1051 4142 1169 4190 iiber
1212 4141 1290 4191 die
1337 4142 1631 4192 Sikelisehen
1667 4143 1877 4192 Vorfalle
1910 4143 1961 4192 in
1996 4145 2142 4194 Form
2174 4146 2304 4194 eines
2336 4145 2426 4194 mit

419 4235 648 4294 „Platona
696 4235 878 4284 Namen
928 4235 1262 4286 bezeichneten
1313 4237 1499 4286 Briefes
1550 4237 1761 4287 bekannt
1811 4255 1869 4287 zu
1919 4239 2146 4298 machen5
2204 4239 2421 4288 Anderen

421 4332 628 4398 „folgten
664 4331 766 4382 ihm
798 4333 923 4382 dann
956 4331 1023 4381 im
1056 4330 1288 4397 gleichem
1322 4333 1480 4383 Geiste
1513 4333 1688 4385 naeh.”
2089 4317 2093 4330 ⁸
