3092 5084
1668 515 1747 574 52

698 719 972 803 quaesita
1008 718 1354 804 polyptota:
1404 719 1499 784 τὸν
1543 719 1680 784 τότε
1724 758 1815 768 -—
1860 724 1970 784 τῶν
2016 719 2185 802 τότε,
2234 717 2571 801 φευγόντων
2616 719 2714 798 φί-

693 854 806 902 λων
836 877 927 886 --
955 839 1276 920 φεύγοντες
1308 839 1494 902 αὐτοί.
1542 837 1927 902 Postremum
1974 839 2091 902 hoc
2136 837 2385 902 verbum
2430 837 2715 900 iteratum

694 963 785 1020 est
830 963 1064 1020 mutata
1103 957 1540 1042 significatione
1570 985 1583 1020 :
1633 955 1735 1022 ἕνα
1787 963 1900 1022 τῶν
1948 957 2285 1040 φευγόντων
2330 957 2519 1038 φίλων
2567 956 2715 1021 dicit

690 1097 880 1139 unum
927 1098 1000 1140 ex
1045 1077 1333 1140 accusatis
1347 1125 1365 1154 ,
1414 1075 1711 1158 Leontem
1758 1075 2191 1154 Salaminium,
2209 1099 2364 1140 -eum
2396 1098 2579 1159 quem
2610 1074 2713 1139 So-

690 1201 880 1259 crates
927 1217 962 1258 a
1008 1195 1277 1280 tyrannis
1315 1197 1525 1280 jussus
1572 1203 1700 1259 erat
1750 1197 2011 1272 οὶγαγεῒν
2052 1199 2129 1268 εἷς
2168 1197 2269 1270 τὴν
2308 1195 2465 1260 θόλον
2504 1193 2709 1279 (Apol.

669 1336 752 1398 ,p.
801 1317 883 1378 32
927 1313 1021 1400 O.)
1038 1341 1056 1392 ;
1101 1314 1197 1379 ὅτε
1240 1316 1563 1398 φεύγοντες
1611 1313 1963 1396 ἐδυστύχουν
2010 1315 2175 1380 αὐτοὶ
2230 1320 2375 1378 sunt
2422 1314 2530 1397 qui
2574 1321 2707 1377 tum

691 1435 914 1498 exsudes
959 1441 1147 1497 erant.
1240 1432 1430 1497 Plena
1475 1440 1567 1497 est
1616 1432 1869 1518 epistola
1896 1433 2252 1498 huiusmodi
2283 1433 2599 1496 rhetorum
2646 1433 2711 1494 fi-

692 1551 859 1637 guris
929 1559 990 1616 et
1045 1525 1332 1616 llosculiS.
1409 1551 1776 1637 Exemplum
1843 1551 1989 1616 huic
2036 1553 2181 1615 satis
2245 1550 2439 1616 simile
2484 1551 2712 1635 legitur

692 1692 752 1754 p.
803 1672 930 1733 351
979 1669 1072 1733 D:
1121 1669 1603 1748 διευλαβούμενος
1649 1669 1707 1733 δὲ
1730 1671 1813 1746 μὴ
1846 1669 2123 1744 παθεῖν,
2149 1665 2301 1747 ὅμως
2325 1669 2706 1736 ἔπταισεν...

690 1787 1102 1866 θαυμαστὸν
1145 1790 1368 1853 παθὼν
1415 1788 1645 1853 οὐδέν·
1694 1785 1836 1860 δ’σιος
1881 1789 2001 1866 γὰρ
2024 1789 2161 1868 ἀνὴρ
2200 1788 2489 1853 οὶνοσίων
2522 1789 2704 1869 πέρι,

689 1907 976 1990 σώφρων
1022 1933 1088 1972 τε
1133 1907 1230 1971 καὶ
1281 1905 1614 1990 ἔμφρων,
1682 1907 1749 1971 τὸ
1810 1909 1915 1983 μὲν
1961 1904 2086 1971 ὅλον
2133 1909 2233 1970 οὐκ
2272 1903 2344 1970 ἄν
2382 1930 2525 1971 ποτε
2586 1907 2709 1971 δια-

687 2025 957 2104 ψευσθείη
1019 2033 1125 2100 τῆς
1185 2033 1390 2106 ψυχῆς
1451 2031 1562 2089 τῶν
1622 2023 1958 2090 τοιούτων
2011 2023 2203 2105 πέρι,
2260 2023 2612 2105 κυβερνήτου
2650 2025 2707 2088 δὲ

687 2144 916 2220 οὲγαθοῢ
963 2143 1180 2214 πάθος
1226 2141 1298 2208 ἂν
1342 2143 1474 2215 ἴσως
1523 2145 1597 2208 οὐ
1642 2141 2053 2220 θαυμαστὸν
2100 2143 2158 2207 εἷ
2203 2142 2409 2208 πάθοι
2456 2145 2603 2207 κτέ.

778 2260 974 2350 Quae
1001 2261 1180 2324 attuli
1227 2261 1372 2324 satis
1419 2261 1785 2338 ostendunt,
1835 2267 2210 2345 quantopere
2241 2261 2489 2324 initium
2520 2261 2705 2346 hujus

691 2379 985 2466 epistolae
1031 2403 1066 2442 a
1111 2378 1426 2444 Platonica
1473 2379 1719 2443 dicendi
1766 2378 2065 2464 eleganti-a
2112 2385 2171 2442 et
2212 2380 2469 2443 sanitate
2502 2379 2703 2444 distet.

690 2499 1048 2564 Rhetoricae
1108 2499 1380 2584 argutiae
1396 2548 1414 2577 ,
1479 2499 1681 2563 inanis
1741 2498 2063 2562 verborum
2117 2497 2525 2562 redundantia
2541 2547 2559 2576 ,
2608 2521 2706 2584 pe-

688 2617 846 2682 riodi
912 2616 1070 2681 male
1137 2617 1504 2703 compositae
1521 2666 1539 2695 ,
1611 2617 1794 2681 verba
1859 2617 2191 2702 impropria
2259 2625 2365 2680 aut
2424 2617 2701 2681 insolita:

689 2736 970 2800 omnibus
1026 2735 1381 2800 huiusmodi
1428 2735 1593 2798 vitiis
1640 2741 1871 2800 scatent
1917 2757 2071 2819 quos
2119 2735 2515 2800 tractavimus
2561 2734 2705 2799 loci.

777 2973 948 3054 Quae
1013 2975 1080 3038 in
1123 2973 1518 3058 sequentibus
1563 2973 1738 3038 Plato
1786 2973 1862 3038 de
1906 2997 1969 3038 se
2013 2974 2141 3059 ipse
2186 2965 2426 3051 scribit,
2488 2971 2562 3036 de
2610 2995 2703 3036 co-

687 3092 1082 3177 gitationibus
1141 3093 1268 3157 suis
1331 3100 1392 3156 et
1453 3092 1717 3156 consiliis
1765 3093 1839 3156 de
1884 3091 2195 3178 republica
2209 3141 2228 3170 ,
2280 3091 2354 3156 de
2398 3092 2595 3176 primo
2644 3098 2703 3154 et

689 3211 878 3276 altero
939 3212 1156 3275 itinere
1217 3211 1284 3276 in
1341 3211 1586 3276 Italiam
1649 3219 1711 3275 et
1770 3210 2040 3276 Siciliam
2054 3260 2073 3289 ,
2139 3210 2213 3275 de
2261 3210 2703 3275 consuetudine

611 3407 617 3412 .
689 3353 801 3394 sua
862 3353 1000 3394 cum
1046 3329 1247 3394 Dione
1305 3337 1366 3394 et
1411 3329 1743 3414 Dionysio,
1794 3329 1870 3393 de
1917 3329 2153 3394 casibus
2200 3329 2341 3413 qui,
2389 3327 2589 3393 Dione
2633 3329 2699 3392 in

687 3449 967 3514 exsilium
998 3449 1208 3527 misso,
1257 3449 1372 3535 ipsi
1416 3449 1483 3512 in
1529 3449 1669 3513 aula
1705 3448 1986 3532 Dionysii
2024 3448 2270 3532 degenti
2316 3447 2695 3532 obtigerunt,

687 3591 758 3632 ea
803 3569 1067 3652 primum
1126 3567 1468 3654 inspicienti
1514 3567 1769 3631 forsitan
1815 3567 2111 3652 gravitate
2156 3567 2593 3630 sententiarum
2640 3574 2699 3630 et

684 3685 1006 3751 verborum
1037 3686 1286 3750 flumine
1318 3708 1386 3751 66
1417 3687 1615 3751 nitore
1663 3685 2083 3750 commendare
2115 3709 2177 3749 se
2207 3685 2526 3750 videantur
2539 3734 2558 3763 ,
2594 3685 2701 3770 qui

684 3827 826 3867 vero
876 3805 1164 3869 attentius
1204 3804 1420 3890 legerit
1434 3855 1453 3884 ‚
1503 3804 1795 3869 continuo
1842 3805 2063 3868 sentiet
2094 3827 2163 3867 ea
2192 3825 2317 3868 non
2347 3823 2699 3888 germanum

682 3921 1032 3987 Platonicae
1071 3923 1351 3988 dictionis
1399 3923 1691 4002 colorem,
1740 3923 1845 3987 sed
1892 3923 2156 3988 fucatam
2194 3922 2393 4008 potius
2440 3922 2703 4008 speciem·

683 4041 922 4104 referre.
984 4039 1188 4106 Lubet
1226 4041 1486 4128 exempli
1503 4125 1512 4138 ι
1529 4043 1723 4127 gratia
1762 4040 2091 4105 nonnullos
2138 4061 2453 4126 excerpere
2496 4039 2660 4104 locos
2674 4089 2693 4118 ,

685 4157 908 4242 quibus
951 4159 1068 4224 hoc
1107 4158 1406 4245 judicium
1450 4160 1853 4224 confirmetur.

772 4275 918 4362 Pag.
961 4278 1084 4342 327
1137 4275 1190 4340 Β
1220 4276 1434 4342 laudat
1464 4277 1725 4341 Dionem
1760 4275 2230 4352 adolescentem,
2274 4274 2469 4358 quod,
2504 4276 2689 4340 simu-
