3092 5084
1597 454 1716 513 144

648 672 783 721 λευε
843 658 939 722 καὶ
1004 650 1299 736 ἐδίδασκε,
1341 657 1433 721 διὰ
1477 656 1692 723 τούτων
1736 658 1840 731 τὴν
1885 657 2187 739 ’τυραννίδα
2230 658 2333 733 τὴν
2378 660 2666 724 Διονυσίου

648 775 987 841 κατέλυσεν.
1080 776 1199 839 Hic
1260 798 1453 860 quum
1510 775 1662 839 dicit
1705 776 2056 852 κατήγαγεν
2101 776 2182 847 εἷς
2213 775 2530 848 Σικελίαν,
2577 798 2666 839 re·

650 894 819 958 ducit
833 944 852 971 ,
913 893 976 957 id
1037 893 1505 978 intelligendum
1572 916 1698 958 non
1743 893 1818 959 de
1865 895 2165 979 praesenti
2212 893 2458 981 quidem
2501 894 2667 958 auxi-

647 1012 763 1091 lio,
809 1019 1076 1077 attamen
1124 1012 1199 1075 de
1245 1012 1517 1077 consiliO.
1615 1012 1847 1076 Harum
1893 1014 2309 1077 narrationum
2355 1021 2494 1077 utra
2524 1034 2663 1077 cum

649 1134 924 1198 Platonis
986 1134 1187 1197 animo
1242 1140 1303 1197 et
1346 1115 1551 1197 mente
1595 1134 1787 1217 magis
1833 1132 2124 1217 quadret,
2171 1133 2396 1217 ambigi
2442 1128 2661 1217 potest.

738 1253 1053 1317 Postremo
1129 1232 1652 1318 commemoratur·
1683 1253 1900 1346 Dionis
1956 1230 2206 1331 caede&
2271 1253 2346 1317 de
2407 1275 2530 1337 qua
2573 1260 2666 1316 est
2705 1289 2710 1294 ·

650 1372 857 1456 aliqua
918 1372 1080 1435 inter·
1135 1371 1457 1456 scriptores
1519 1354 1958 1457 discrepantia,
2022 1394 2177 1455 quae
2205 1378 2435 1453 ‚tamen
2488 1370 2664 1433 facile

650 1490 935 1575 explicari
1000 1497 1219 1574 potest.
1314 1488 1665 1553 Secundum
1726 1488 2060 1573 Epistolam
2127 1489 2324 1552 caedis
2387 1495 2661 1553 auctores

650 1609 903 1673 fuerunt
947 1608 1190 1691 ὦδέλφω
1237 1608 1365 1686 δύο,
1415 1608 1633 1672 Dionis
1680 1606 1915 1671 sodales
1962 1615 2023 1671 et
2063 1608 2366 1693 hospiteS,
2401 1610 2510 1692 qui
2539 1610 2665 1673 fue-

611 1737 799 1795 -runt
844 1724 951 1794 οἷον
1000 1734 1100 1793 τοῦ
1148 1727 1323 1809 φόνου
1373 1730 1709 1807 αὐτοχεῒρες
1756 1730 1839 1812 (p.
1887 1730 2013 1791 333
2063 1726 2146 1804 C,
2196 1730 2324 1791 334
2374 1729 2495 1812 Α),
2539 1727 2666 1791 Νο-

652 1848 817 1913 mina
877 1870 1002 1911 non
1047 1854 1363 1912 memorat.
1456 1846 1852 1923 PlutarchUS,
1901 1846 2007 1929 qui
2051 1846 2115 1911 in
2161 1846 2328 1910 omni
2372 1847 2487 1909 hac
2532 1870 2666 1910 nar-

652 1968 885 2032 ratione
962 1964 1345 2051 Timonidem
1361 2013 1379 2043 ,
1448 1964 1666 2027 Dionis
1726 1964 2079 2029 familiarem
2142 1971 2202 2027 et
2262 1964 2662 2049 expeditionis

654 2084 884 2148 socium
902 2133 916 2158 ,
966 2083 1277 2166 sequitur,
1325 2105 1519 2146 unum
1565 2082 1841 2161 nominat
1877 2082 2160 2145 facinoris
2193 2090 2498 2146 auctorem
2530 2081 2664 2145 Cal-

653 2203 892 2287 lippum
954 2200 1393 2264 Atheniensem
1460 2202 1533 2284 (c.
1601 2202 1726 2284 54).
1820 2198 1975 2265 Cum
2035 2201 2152 2264 hoc
2214 2223 2420 2264 omnes
2483 2201 2666 2285 scrip-

653 2328 815 2385 tores
864 2319 1287 2396 consentiunt,
1336 2326 1588 2404 excepto
1633 2318 1907 2403 Nepote,
1958 2319 2066 2403 qui
2111 2342 2248 2383 eum
2281 2318 2662 2383 Callicratem

653 2438 929 2503 nominat
974 2445 1036 2501 et
1083 2436 1424 2522 adjutorem
1470 2438 1526 2501 ei
1575 2438 1855 2523 adjungit
1897 2438 2142 2503 fratrem
2192 2439 2662 2515 Philostratum,

655 2557 763 2641 qui
808 2557 873 2619 in
918 2555 1349 2641 Syracusarum
1400 2564 1581 2641 portu
1629 2579 1767 2620 cum
1808 2557 2035 2621 triremi
2065 2557 2345 2621 facinoris
2378 2565 2664 2623 eventum

659 2675 1134 2761 praestolaretur
1190 2676 1263 2759 (c.
1332 2676 1369 2737 8
1426 2682 1486 2739 et
1532 2679 1570 2738 9
1617 2678 1651 2760 ᾧ
1700 2678 1770 2753 13
1842 2676 1916 2740 cf.
1965 2674 2314 2761 Nipperdey
2363 2677 2440 2741 ad
2485 2678 2547 2741 h.
2596 2678 2661 2762 l).

656 2794 813 2858 Inde
882 2794 1165 2877 colligere
1227 2792 1405 2870 licet,
1470 2792 1776 2880 Nepotem
1823 2794 1884 2857 in
1931 2795 2174 2858 nomine
2212 2818 2516 2879 peccasse,
2573 2819 2660 2859 er-

661 2935 794 2978 rore
840 2919 984 2977 nato
1031 2912 1283 2975 fortasse
1330 2935 1361 2975 e
1408 2912 1741 3003 scripturae
1787 2912 2177 2999 compendio,
2227 2935 2348 2997 quo
2379 2915 2444 2979 in
2475 2916 2667 2979 nomi-

660 3054 809 3096 num
856 3031 1239 3115 propriorum
1284 3031 1714 3099 terminatione
1759 3054 1934 3117 saepe
1979 3033 2213 3117 peccari
2260 3032 2528 3098 solitum.
2560 3035 2606 3118 ¹)

748 3223 849 3288 Ita
916 3223 1279 3310 perlustrata
1324 3223 1607 3309 epistola,
1655 3232 1905 3309 apparet
1949 3225 2105 3289 nihil
2146 3226 2272 3290 'fere
2318 3226 2382 3289 in
2429 3249 2498 3289 ea
2540 3225 2661 3311 legi

660 3343 823 3427 quod
870 3365 993 3407 non
1042 3343 1281 3428 plenius
1328 3349 1390 3405 et
1434 3344 1776 3406 accuratius
1823 3343 1898 3407 ab
1945 3344 2078 3407 aliis
2122 3344 2426 3408 historicis
2466 3346 2663 3430 prodi-

656 3470 791 3525 tum
848 3459 1063 3539 fuerit3
1110 3468 1411 3538 ceterum,
1468 3484 1623 3545 quae
1671 3463 1747 3525 ad
1791 3462 2008 3525 itinera
2039 3484 2368 3547 eorumque
2390 3472 2660 3549 tempora

657 3582 996 3665 pertinent,
1037 3580 1325 3665 pleraque
1350 3587 1513 3644 recte
1538 3581 1892 3665 scriptorem
1916 3581 2196 3645 retulisse
2213 3632 2230 3659 ,
2257 3583 2320 3645 in
2345 3583 2524 3648 rebus
2557 3606 2660 3647 au-

656 3706 779 3764 tem
810 3699 1173 3784 Dionysium
1205 3706 1266 3762 et
1291 3699 1551 3763 Dionem
1584 3700 1998 3783 spectantibus
2027 3701 2229 3764 minus
2255 3724 2382 3764 esse
2407 3700 2657 3786 diligen-

657 3826 779 3883 tem
790 3845 807 3896 3
870 3817 1167 3882 nonnulla
1240 3840 1394 3901 quae
1457 3818 1533 3881 ad
1581 3840 1708 3882 rem
1755 3817 2138 3903 pertinebant
2183 3820 2487 3899 omisisse,
2538 3819 2655 3883 alia

658 3936 933 4022 augendo
965 3935 1371 4001 minuendove
1401 3937 1773 4002 immutasse.
1836 3937 1911 4001 Id
1945 3946 2146 4003 autem
2175 3938 2386 4003 fecisse
2417 3939 2657 4003 videtur

726 4146 772 4206 1)
806 4146 969 4197 Simile
1002 4152 1249 4213 peccatum
1282 4149 1449 4200 notavi
1484 4166 1625 4215 supra
1658 4168 1704 4215 p.
1732 4153 1814 4211 13,
1841 4153 1888 4201 in
1917 4154 2236 4224 Ἀριστόδωρος
2253 4158 2300 4203 et
2317 4153 2650 4225 Ἀριστόδημος.

660 4256 707 4305 p.
742 4242 862 4301 136,
899 4249 998 4293 not.
1037 4245 1095 4304 l,
1129 4246 1177 4293 in
1212 4247 1463 4305 Φιλιστίδης
1500 4250 1550 4295 et
1585 4250 1801 4305 Φίλιστος.
