3092 5084
1618 444 1699 502 54

649 649 732 710 τὰ
785 647 912 727 περὶ
973 648 1170 712 Δίωνα
1229 647 1465 727 ὑπάρξει
1530 696 1544 712 .
1566 695 1581 711 .
1612 696 1625 710 .
1682 649 1730 712 εἰ
1786 647 1845 711 δὲ
1890 648 2007 724 μὴ,
2052 645 2206 710 οὐδέν
2252 669 2335 710 σοι
2378 652 2488 712 τῶν
2534 646 2657 726 περὶ

653 767 848 830 Δίωνα
905 763 1018 842 ἕξει
1078 765 1451 846 πραγμάτων
1507 766 1639 832 οὔτε
1690 767 1818 844 περὶ
1870 765 2079 830 τᾶλλα
2138 764 2268 829 οὔτε
2314 767 2437 846 περὶ
2484 765 2661 830 αὐτὸν

651 886 814 949 κατα
870 891 992 949 νοῦν
1047 885 1374 964 γιγνόμενα
1417 886 1479 969 (1.
1529 884 1909 970 γιγνόμενον).
1954 907 2013 969 p.
2059 885 2185 947 351
2228 884 2315 947 D:
2366 881 2513 954 ὅσιος
2544 885 2661 966 γαρ

653 1002 936 1084 ἄνθρωπος
997 1006 1230 1070 οὶνοσίων
1289 1004 1413 1086 περὶ
1463 1054 1477 1068 .
1506 1055 1520 1068 .
1551 1054 1565 1068 .
1630 1007 1731 1069 οὐκ
1788 1003 1860 1068 ἄν
1928 1027 2070 1068 ποτε
2130 1004 2494 1084 διαψευσθείη
2554 1013 2662 1079 τῆς

651 1130 858 1205 ψυχῆς
905 1129 1013 1188 τῶν
1059 1122 1319 1189 τοιούτων
1379 1124 1526 1204 περί.
1619 1121 1843 1186 Nonne
1904 1123 2053 1186 haec
2100 1129 2368 1207 arguunt
2415 1122 2664 1207 scripto-

651 1264 776 1305 rem
822 1242 954 1305 sine
993 1240 1228 1327 judicio
1277 1241 1557 1327 imperite
1620 1241 1887 1305 Atticam
1933 1240 2227 1324 loquendi
2273 1240 2663 1305 consuetudi-

650 1383 790 1424 nem
837 1359 1260 1424 affectantem?
1297 1361 1342 1442 ¹)

741 1477 1021 1542 Attende·
1052 1501 1230 1563 porro
1277 1499 1432 1561 quae
1479 1483 1859 1560 sequuntur:
1908 1478 2067 1554 μετα
2112 1477 2173 1540 δε
2216 1483 2384 1542 τοῦτο
2421 1476 2659 1552 διενοήθη

653 1599 738 1674 μή
790 1596 958 1672 μόνον
1019 1599 1076 1661 ἐν
1123 1598 1280 1676 αὐτῷ
1325 1599 1457 1659 ποτ’
1505 1593 1577 1659 ἂν
1622 1596 1887 1671 γένεσθαι
1949 1595 2171 1669 ταύτην
2217 1597 2320 1668 την
2377 1594 2622 1658 διανοίαν
2641 1645 2658 1668 ,

657 1713 720 1790 ἣν
767 1715 941 1787 αὐτὸς
989 1715 1099 1780 ὑπὸ
1145 1721 1254 1780 τῶν
1299 1714 1456 1794 &pom
1501 1714 1693 1791 λόγων
1738 1711 1949 1796 ἔσχεν,
1996 1712 2413 1790 ἐγγιγνομένην
2460 1713 2518 1776 δὲ
2564 1717 2665 1777 αὖ·

655 1837 759 1909 τήν
819 1835 918 1898 καὶ
965 1837 1023 1899 ἐν
1069 1833 1290 1905 ἄλλοις,
1316 1835 1445 1913 ὁρῶν
1491 1832 1774 1915 κατενόει,
1823 1839 2059 1904 πολλοῖς
2102 1832 2210 1908 μὲν
2252 1831 2349 1914 οὔ,
2396 1831 2668 1909 γιγνομέ-

657 1979 750 2027 νην
802 1953 851 2016 δ’
873 1949 964 2016 οὖν
1009 1951 1066 2016 ἔν
1109 1976 1256 2016 τισιν
1277 2003 1294 2026 ,
1345 1947 1416 2016 ὧν
1461 1950 1559 2016 καὶ
1608 1951 1891 2016 Διονύσιον
1938 1951 2201 2027 ἡγήσοιτο
2254 1949 2355 2016 ἕνα
2398 1951 2665 2028 γενέσθαι

655 2070 804 2151 τάχ)
850 2069 922 2134 ἂν
968 2069 1504 2146 ξυλλαμβανόντων
1552 2070 1717 2152 θεῶν,
1764 2070 2067 2146 γενομένου
2106 2069 2156 2132 δ’
2184 2065 2260 2132 αὖ
2294 2075 2395 2134 τοῦ
2418 2068 2666 2133 τοιούτου

654 2190 752 2254 τόν
809 2214 878 2255 τε
933 2190 1112 2254 αὑτοῦ
1166 2189 1294 2266 βίον
1353 2187 1450 2252 καὶ
1509 2187 1607 2252 τὸν
1653 2194 1764 2253 τῶν
1822 2185 2020 2252 ἄλλων
2066 2188 2460 2269 Συρακουσίων
2514 2189 2665 2264 οὶμή-

656 2331 842 2388 χανον
888 2306 958 2372 ἂν
1004 2306 1388 2387 μακαριότητι
1433 2305 1734 2384 ξυμβῆναι
1782 2309 2103 2384 γενόμενον.

749 2425 972 2490 Sensus
1007 2426 1252 2510 quidem
1283 2448 1408 2490 11011
1438 2426 1615 2490 valde
1646 2426 1941 2491 obscurus
1974 2433 2089 2502 est,
2116 2447 2297 2508 quem
2320 2423 2567 2488 Ficinus
2599 2424 2669 2487 li·

661 2546 802 2611 bere
847 2547 934 2608 sic
979 2544 1272 2609 reddidit:
1319 2545 1587 2623 „Postea
1630 2566 1771 2608 vero
1813 2544 2239 2608 animadvertit
2269 2567 2401 2608 eam
2432 2550 2669 2608 senten-

565 2693 569 2697 ’
659 2666 837 2742 tiam,
886 2687 1072 2749 quam
1115 2665 1246 2749 ipse
1289 2665 1468 2728 rectis
1515 2671 1873 2750 conceperat
1914 2664 2289 2742 rationibus,
2338 2685 2463 2728 11011
2508 2663 2572 2730 111
2605 2686 2669 2726 se

663 2807 786 2850 11110
832 2783 1060 2860 solum,
1108 2804 1319 2848 verum
1365 2783 1544 2848 etiam
1591 2783 1656 2847 in
1717 2783 1851 2847 aliis
1870 2835 1883 2860 ,
1930 2783 2073 2847 licet
2104 2805 2241 2847 *non
2286 2781 2525 2858 multiS,
2574 2805 2670 2852 ex-

661 2904 870 2968 sistere
933 2924 1107 2989 posse
1123 2953 1142 2980 ,
1196 2903 1260 2966 in
1309 2924 1570 2986 quorum
1614 2901 1867 2968 'numero
1914 2902 2277 2987 Dionysium
2328 2901 2632 2986 juniorem
2648 2951 2666 2978 ,

633 3021 798 3085 'Diis
847 3021 996 3086 bene
1035 3020 1392 3105 juvantibus
1409 3069 1427 3098 ,
1478 3020 1759 3106 sperabat
1802 3021 1929 3084 fore
1944 3046 1962 3099 3
2026 3021 2193 3104 quod
2238 3021 2291 3083 si
2338 3019 2667 3095 accideret,

664 3146 724 3204 et
780 3139 886 3203 ille
946 3140 1076 3224 ipse
1137 3146 1200 3202 et
1274 3139 1458 3203 ceteri
1517 3139 1880 3224 Syracusani
1940 3139 2255 3204 mirificam
2324 3139 2670 3202 felicitatem

665 3257 1218 3322 nanciscerentur.”
1265 3257 1494 3322 Verum
1525 3259 1718 3322 oratio
1765 3258 2058 3343 impedita
2096 3266 2186 3322 cst
2223 3264 2355 3322 tum
2388 3257 2673 3322 inanibus

665 3377 864 3442 verbis
909 3385 1045 3442 tum
1089 3399 1368 3464 perversa
1413 3400 1480 3441 ac
1521 3378 1797 3462 quaesita
1843 3377 2163 3442 verborum
2201 3377 2673 3443 constructione.

668 3495 844 3560 Clare
890 3503 950 3559 et
997 3494 1354 3580 simpliciter
1391 3495 1474 3559 ita
1507 3495 1876 3590 scripsisset,
1911 3496 2151 3581 opinor:
2184 3495 2421 3569 διενοήθη
2450 3493 2673 3586 ταύτην

667 3617 769 3690 τὴν
800 3614 1081 3696 διανοίαν,
1117 3609 1180 3689 ἣν
1213 3613 1387 3685 αὐτὸς
1409 3662 1424 3678 .
1447 3663 1461 3678 .
1483 3663 1497 3678 .
1545 3613 1757 3694 ἔσχεν,
1790 3616 1853 3678 οὐ
1883 3614 2049 3692 μόνον
2088 3617 2145 3680 ἐν
2176 3615 2333 3694 αὐτῷ
2364 3614 2535 3679 ἄλλα
2564 3616 2673 3678 κοξν

672 3768 816 3775 —.-—-—-

730 3857 776 3915 l)
810 3855 976 3913 Zeller,
1013 3855 1139 3904 Plat.
1177 3855 1312 3904 Stud.
1349 3871 1397 3920 p.
1433 3857 1524 3914 93,-
1562 3859 1698 3904 notat
1731 3857 1875 3904 etiam
1908 3855 1958 3904 in
1993 3855 2128 3904 libris
2162 3855 2219 3903 de
2252 3855 2395 3918 Legg.
2424 3854 2557 3918 justo
2580 3870 2677 3904 sae·

668 3951 772 4014 pius
818 3951 1023 3999 inveniri
1067 3951 1366 4016 periphrasin
1417 3967 1501 4016 per
1548 3951 1946 4016 praepositionem
1982 3953 2106 4020 περί.
2174 3950 2316 4014 Quod
2351 3935 2527 3998 ‘sutem
2560 3950 2679 3998 citat

665 4046 958 4110 exemplum,
993 4046 1091 4104 IV,
1127 4045 1225 4098 720
1259 4047 1344 4104 E„
1381 4047 1498 4096 item
1534 4063 1653 4110 quae
1688 4047 1883 4110 collegit
1906 4047 2070 4094 Aetius
2100 4046 2148 4093 in
2172 4045 2421 4094 Animadv.
2447 4045 2503 4093 de
2530 4045 2671 4108 Legg.

663 4157 711 4204 p.
745 4141 812 4188 48
845 4143 894 4188 et
932 4140 1050 4198 138,
1086 4139 1144 4188 ad
1179 4155 1321 4204 quem
1355 4140 1436 4188 illc
1469 4141 1671 4188 lectores
1706 4139 1918 4204 ablegat,
1954 4156 2051 4188 non
2088 4139 2290 4204 probant
2311 4138 2557 4188 Platonem
2583 4137 2671 4188 hac

665 4234 1081 4286 circumlocutione
1113 4250 1360 4301 perperam
1395 4249 1530 4285 nsum
1566 4251 1681 4286 esse.
