3092 5084
1294 498 1414 562 157

346 714 408 771 et
458 706 841 792 Dionysium.
934 704 1305 771 Plutarchus
1326 754 1342 782 ‚
1392 704 1458 770 in
1503 703 1632 767 vita
1677 703 1860 769 Dion.
1909 725 1962 767 e.
2013 704 2051 767 3
2071 753 2090 781 ‚
2129 709 2375 768 secutus

345 835 437 891 est
482 826 820 912 Epistolam
836 876 855 903 ‚
904 832 1171 890 attamen
1216 824 1402 902 vidit,
1443 824 1661 909 opinor
1676 874 1694 901 ,
1721 822 2078 888 incredibile
2111 818 2370 887 esse‘eos
2471 859 2476 865 -

351 970 387 1009 a
444 945 679 1031 populo
738 945 1037 1026 τυράννους
1054 993 1072 1020 ,
1140 950 1201 1007 et
1264 942 1509 1028 quidem
1574 944 1998 1023 αὐτοκράτορας
2038 941 2339 1024 τυράννους
2356 993 2375 1020 ,

348 1064 685 1149 appellatos
730 1064 945 1142 fuisse3
993 1062 1202 1146 itaque
1248 1083 1358 1147 pro
1404 1060 1521 1124 hoe
1555 1060 1796 1146 scripsit
1829 1060 2212 1141 στρατηγούς.
2257 1062 2373 1124 Ἱπ-

349 1184 584 1263 παρίνου
646 1182 845 1267 (dicit)
907 1182 1342 1260 πρωτεύσαντος
1404 1180 1599 1259 άνδρὸς
1650 1180 2044 1259 Συρακουσίων
2104 1179 2204 1243 καὶ
2252 1191 2380 1245 Διο·

352 1303 517 1383 vva-[cp
566 1300 947 1382 συνάρξαντος
965 1350 981 1378 ,
1034 1299 1130 1365 ὅτε
1186 1306 1400 1381 πρῶτον
1452 1296 1918 1379 αὐτοκράτωρ
1979 1297 2072 1363 ἐπὶ
2131 1297 2228 1363 τὸν
2281 1294 2383 1363 πό·

352 1438 532 1499 λεμον
590 1421 748 1502 ᾑρέθη
809 1418 1242 1499 στρατηγός.
1335 1416 1453 1481 Sed
1508 1424 1764 1501 uterque
1818 1416 2058 1481 erravit.
2149 1414 2380 1481 Verum

354 1548 447 1603 est
492 1538 661 1623 quod
702 1538 1013 1603 Diodorus
1060 1544 1299 1615 narrat,
1350 1536 1546 1621 primo
1585 1535 1950 1619 Dionysium
1984 1534 2130 1599 belli
2162 1534 2379 1599 ducem

254 1666 259 1671 ’
356 1665 626 1723 creatum
674 1681 805 1722 esse
853 1680 993 1722 eum
1036 1656 1321 1742 collegia,
1366 1662 1578 1741 postea
1607 1676 1747 1719 vero
1779 1655 1924 1733 hoe,
1957 1654 2127 1718 illius
2159 1654 2383 1718 calum·

355 1778 475 1841 niis
507 1778 572 1841 in
604 1776 809 1841 odium
848 1774 1265 1840 multitudinis
1302 1772 1606 1837 adductos
1623 1823 1642 1851 ‚
1678 1772 1890 1858 pulsos
1918 1780 1984 1862 'et
2015 1774 2130 1837 soli
2159 1772 2386 1858 Diony—

357 1896 448 1958 sio
478 1896 797 1979 imperium
832 1892 1190 1957 mandatum
1222 1915 1350 1956 esse
1383 1892 1481 1975 (ef.
1510 1891 1734 1969 Grote,
1761 1914 1822 1977 p.
1849 1894 1976 1955 440
2004 1895 2139 1976 sq.).
2188 1890 2387 1973 Quae-

357 2036 501 2077 nam
564 2020 771 2077 autem
832 2013 947 2077 hae
1010 2012 1074 2075 in
1135 2034 1199 2075 re
1264 2010 1595 2096 Hipparini
1650 2008 1881 2075 fuerint
1924 2018 2159 2095 partes,
2209 2010 2388 2075 docet

358 2132 718 2197 Aristoteles
772 2134 841 2197 in
884 2132 1123 2196 Politie.
1174 2130 1267 2209 V,
1319 2133 1401 2194 56
1425 2182 1443 2209 ,
1496 2132 1604 2215 qui
1643 2138 1850 2195 narrat
1880 2154 2054 2209 eum,
2089 2131 2388 2195 exhausto

361 2252 761 2337 patrimonio,
811 2272 984 2336 opem
1026 2251 1244 2315 tulisse
1275 2251 1572 2336 Dionysio
1608 2251 1674 2315 in
1707 2250 2064 2336 occupando
2095 2250 2386 2336 imperio,

361 2382 705 2457 sperantem
766 2372 1057 2436 nimirum
1120 2371 1247 2435 fore
1295 2378 1368 2434 ut
1414 2371 1527 2435 hae
1575 2371 1811 2434 ratione
1857 2392 1979 2434 rem
2031 2370 2386 2434 familiarem

363 2489 814 2575 quodammodo
860 2490 1151 2555 reficeret.
1184 2491 1229 2573 ¹)
1322 2488 1492 2554 Haeo
1536 2511 1660 2553 non
1718 2511 1969 2574 prorsus
2017 2490 2389 2554 conveniunt

361 2631 505 2673 eum
566 2610 641 2673 iis
705 2630 861 2693 quae
907 2607 983 2672 de
1031 2608 1361 2693 Hipparini
1408 2608 1577 2671 illius
1623 2607 1829 2671 indole
1875 2608 1940 2671 in
1967 2594 2105 2671 'hoe
2150 2606 2390 2693 Episto-

362 2726 457 2791 lae
513 2727 647 2791 loco
707 2734 1138 2791 memorantur.
1234 2726 1316 2789 Et
1377 2748 1531 2811 quae
1566 2725 1822 2790 ‘ibidem
1879 2748 1939 2811 p.
2008 2728 2134 2790 355
2192 2726 2245 2791 E
2308 2727 2390 2790 le-

366 2854 632 2931 guntur,
695 2846 804 2910 ubi
866 2868 1088 2930 magno
1151 2846 1206 2909 ei
1264 2844 1481 2909 honori
1526 2844 1822 2909 tribuitur
1869 2843 2033 2927 quod
2079 2844 2200 2908 άπὸ
2245 2845 2392 2926 βαρ-

368 2963 559 3046 βάρων
620 2964 989 3043 ἠλευθέρωσεν
1049 2966 1107 3030 ἐν
1150 2967 1231 3045 τῷ
1280 2963 1418 3029 τότε
1470 2963 1657 3044 χρόνῳ
1693 2966 1798 3037 τὴν
1845 2963 2012 3029 πόλιν
2028 3013 2046 3042 ,
2095 2963 2160 3027 in
2191 2964 2388 3027 maius

370 3091 547 3148 aucta
606 3082 909 3147 videntur.
1001 3082 1196 3163 Quasi
1252 3083 1400 3147 huic
1445 3083 1555 3146 uni
1604 3105 1637 3146 e
1689 3080 1898 3146 decem
1931 3080 2190 3146 ducibus
2224 3082 2387 3147 salus

370 3202 609 3267 Siciliae
654 3201 1247 3301 imputandanesset!

459 3322 551 3386 Ut
589 3329 790 3387 autem
831 3321 996 3385 hunc
1015 3371 1032 3398 ‚
1080 3321 1167 3385 ita
1198 3319 1381 3384 etiam
1403 3320 1700 3383 minorem
1724 3319 2170 3403 Hipparinum,
2207 3319 2390 3383 huius

371 3448 691 3525 nepotem,
723 3439 929 3503 nimiis
962 3438 1201 3502 extollit
1230 3437 1556 3516 laudibuS,
1592 3459 1784 3521 quum
1819 3460 2024 3521 regem
2057 3460 2196 3502 eum
2237 3460 2394 3501 eom-

374 3558 621 3622 mendat
666 3557 817 3622 duas
864 3557 941 3622 ob
992 3579 1233 3621 causas:
1282 3558 1456 3638 χάριν
1495 3565 1603 3631 τῆς
1641 3582 1708 3621 τε
1745 3557 1810 3632 δὴ
1851 3562 1947 3621 νῦν
1986 3556 2253 3635 βςηθείας
2292 3559 2390 3623 καὶ

376 3679 519 3763 (τοῦ)
574 3677 721 3741 ὁσίου
767 3677 972 3755 τρόπου
998 3729 1015 3751 ,
1068 3674 1127 3747 ὃς
1174 3674 1475 3754 γενόμενος
1529 3676 1798 3756 τυράννου
1844 3674 2062 3756 πατρὸς
2107 3676 2242 3740 ἑκὼν
2289 3676 2392 3750 τὴν

444 4015 493 4077 l)
528 4014 802 4063 Aristotelia
836 4013 1005 4071 verba,
1039 4013 1184 4064 citata
1222 4029 1251 4063 a
1284 4012 1489 4071 Groteo,
1523 4013 1638 4061 haee
1671 4017 1808 4061 aunt:
1842 4015 2033 4076 γίνονται
2063 4013 2111 4062 δὲ
2134 4014 2398 4078 μεταβολαὶ

378 4120 462 4170 τῆς
512 4113 780 4179 ὀλιγαρχίας
827 4114 901 4162 καὶ
952 4112 1064 4161 ὅταν
1109 4113 1370 4161 ἀναλώσωσι
1421 4114 1485 4159 τὰ
1525 4109 1622 4160 ἴδια
1655 4116 1820 4171 ζῶντες
1852 4110 2050 4171 ἀσελγῶς
2069 4120 2082 4133 ·
2120 4112 2195 4159 καὶ
2227 4112 2320 4175 γὰρ
2353 4110 2396 4157 οἱ

382 4212 571 4257 τοιοῦτοι
621 4212 897 4270 καινοτομεῐν
931 4210 1114 4267 ζητοῦσι
1162 4209 1237 4256 καὶ
1270 4209 1299 4263 ἦ
1333 4204 1556 4273 τυραννίδι
1585 4207 1862 4255 ἐπιτίθενται
1886 4204 2012 4254 αὐτοὶ
2044 4207 2074 4261 ἣ
2111 4208 2398 4253 κατασκευά-

384 4310 531 4365 ζουσιν
561 4305 713 4369 ἔτερον
729 4338 743 4359 ,
776 4306 937 4366 ὥσπερ
965 4298 1224 4371 Ἱππαρῖνος
1255 4301 1470 4351 Διονύσιον
1502 4304 1546 4349 ἐν
1579 4302 1893 4375 Συρακούσαις.

1872 4364 2023 4375 ...a—0*-

1760 4380 1811 4399 f*

1581 4394 2023 4606 ss'fiff‘s‘
2062 4432 2226 4511 we„

1619 4542 2254 4638 xrt<1v10,1z.,s‘1'1‘51
2307 4555 2322 4623 ,ι

1634 4652 1649 4670 ’Χ
1702 4710 1729 4727 «
1745 4656 1836 4751 §A
1851 4682 1880 4735 L
1895 4699 1901 4735 :
1914 4642 2215 4745 tis-RQ>
