3092 5084
1615 506 1736 567 100

664 722 945 781 narratur
992 713 1197 798 (Dion.
1248 734 1300 776 o.
1332 712 1455 795 13),
1496 735 1688 798 quum
1723 711 1899 777 Plato
1922 712 1988 775 in
2021 711 2222 777 aulam
2253 711 2474 799 Syracu
2483 735 2686 777 sanam

664 836 962 911 venisset,
1013 834 1219 897 omnia
1268 832 1447 921 docto
1495 831 1747 917 pulvere
1795 832 2042 917 oppleta
2071 832 2292 911 fuisse,
2327 833 2492 916 quod
2523 856 2690 898 nuno

663 952 997 1037 Dionysius
1047 950 1251 1015 ridens
1292 950 1347 1015 ei
1385 950 1728 1035 exprobrat.
1780 950 1914 1015 Hoc
1955 974 2094 1015 vero
2132 951 2416 1037 Dionysii
2454 952 2688 1017 dictum

663 1072 750 1136 ita
796 1070 1162 1155 philosopho
1212 1068 1399 1133 bilem
1443 1069 1669 1147 movit,
1718 1076 1791 1133 ut
1834 1047 1935 1133 rix
1981 1070 2291 1134 continere
2337 1093 2402 1134 se
2447 1078 2687 1155 posset:

664 1189 831 1265 κάγὼ
879 1189 944 1253 τὸ
1007 1188 1167 1266 μετα
1221 1194 1422 1253 ταῦτα
1469 1185 1496 1251 ὃ
1542 1188 1704 1269 ἐπῄει
1750 1187 1845 1264 μοὶ
1893 1189 2074 1253 εἰπεῖν
2117 1191 2218 1253 οὐκ
2254 1185 2408 1254 εἷπον
2423 1238 2443 1266 ,
2476 1189 2694 1271 φοβού-

668 1330 835 1386 μενος
869 1309 954 1385 μὴ
1001 1312 1238 1387 σμικροῦ
1285 1307 1539 1387 ῥήματος
1589 1304 1758 1371 ἕνεκα
1801 1306 1899 1370 τὸν
1945 1306 2189 1372 ἔκπλουν
2221 1306 2278 1371 ὃν
2309 1308 2687 1390 προσεδόκων,

665 1428 749 1502 μή
814 1450 909 1504 μοι
970 1428 1165 1499 στένος
1221 1426 1479 1505 γίγνοιτο
1522 1425 1652 1491 ἄντ’
1697 1428 2066 1507 εὐρυχωρίας.
2160 1425 2237 1490 In
2285 1426 2519 1491 ultimis
2565 1449 2691 1490 ver-

666 1544 794 1622 bis,
842 1546 1204 1627 φοβούμενος
1258 1584 1348 1594 -
1392 1547 1477 1624 μὴ
1523 1548 1619 1611 τὸν
1664 1545 1911 1611 ἔκπλουν
1954 1584 2046 1595 -
2088 1546 2173 1624 μή
2219 1571 2315 1624 μοι
2361 1548 2553 1620 στένος
2599 1546 2690 1623 γί-

670 1688 862 1743 γνοιτο
923 1668 1052 1729 ἀντ’
1116 1665 1465 1746 εὐρυχωρίας
1483 1715 1502 1743 ,
1567 1673 1660 1729 est
1719 1665 2129 1731 anacoluthon
2145 1692 2164 1744 3
2235 1665 2357 1729 dici
2411 1673 2685 1751 poterat,

669 1785 893 1848 omisso
940 1785 1140 1869 priore
1186 1786 1303 1863 μή,
1351 1784 1712 1866 Φοβούμενος
1757 1786 1855 1850 τὸν
1891 1785 2136 1850 ἔκπλουν
2174 1787 2258 1863 μή
2289 1810 2382 1865 μοι
2412 1789 2687 1865 χαλεπὸς

671 1904 907 1981 γένοιτο.
1025 1874 1346 1967 Ceterum*
1396 1925 1505 1988 pro
1584 1902 1814 1981 στενός,
1885 1903 2051 1987 quod
2121 1911 2234 1968 est.
2281 1904 2683 1988 adjectivum,

666 2021 882 2104 scripsi
926 2020 1118 2094 στένος
1167 2020 1619 2085 substantivum
1634 2070 1653 2098 ,
1699 2020 1862 2085 idem
1911 2021 2078 2105 quod
2104 2023 2482 2102 στενοχωρία,
2517 2021 2682 2105 quod

666 2140 1014 2223 oppositum
1062 2140 1395 2222 εὐρυχωρίᾳ.
1468 2137 1580 2203 Est
1621 2145 1826 2203 autem
1867 2139 2059 2211 στένος
2090 2138 2456 2203 vocabulum
2496 2141 2685 2225 posti-

664 2280 807 2322 cum
824 2307 843 2336 ‚
892 2279 1016 2341 quo
1063 2258 1360 2343 pedestris
1406 2280 1602 2323 sermo
1648 2281 1774 2323 non
1807 2260 2021 2323 utitur.
2070 2259 2212 2323 Vid.
2245 2258 2455 2345 Steph.
2501 2260 2680 2324 Thes.

664 2378 730 2440 in
797 2400 889 2455 v.;
952 2378 1273 2459 εὐρυχωρία
1334 2378 1517 2443 etiam
1577 2378 1804 2464 legitur
1863 2354 2026 2465 apud
2087 2378 2440 2457 Platonem,
2504 2386 2574 2442 ut
2618 2380 2683 2441 in

666 2494 820 2559 Tim.
872 2519 934 2581 p.
985 2499 1066 2559 60
1117 2496 1204 2559 E:
1253 2497 1347 2562 διὰ
1392 2506 1617 2571 πολλῆς
1662 2499 2010 2580 εὐρυχωρίας
2055 2498 2236 2564 ἰόντα.
