3092 5084
1580 486 1702 551 122

624 702 984 761 damnarunt.
1022 699 1063 780 ¹)
1114 700 1197 760 At
1228 698 1477 779 quinam
1517 704 1664 759 sunt
1695 698 1803 780 qui
1835 696 2142 759 Socratem
2167 661 2656 759 damnaveriint?

628 819 727 879 An
775 816 1050 878 homines
1097 815 1367 891 nobileS,
1418 815 1742 901 potentes?
1813 814 1946 877 I'mo
2001 814 2276 876 Socrates
2326 813 2652 876 damnatus

628 942 719 996 est
780 934 854 997 ab
902 932 1225 1010 Heliastis,
1276 932 1337 995 h.
1388 956 1438 996 e.
1496 932 1732 1017 judicio
1794 932 2044 1017 populi,
2095 956 2130 995 a
2177 932 2429 996 consilio
2477 932 2652 1014 quin-

625 1058 944 1134 gentorum
993 1051 1114 1114 fere
1154 1050 1469 1136 judicum,
1520 1051 1627 1134 qui
1674 1058 1833 1113 sorte
1881 1074 1913 1113 e
1961 1074 2062 1113 sex
2096 1051 2358 1114 millium
2394 1072 2649 1114 numero

626 1169 1039 1253 capiebantun
1133 1168 1305 1233 Num
1369 1169 1432 1231 hi
1494 1169 1615 1232 dici
1672 1177 1930 1253 possunt
1974 1168 2410 1239 δυναστεύοντές
2457 1166 2650 1237 muse?

625 1287 912 1351 Crederes
936 1288 1058 1351 fere
1083 1289 1437 1373 scriptorem
1461 1296 1742 1353 nostrum
1765 1296 2010 1373 putasse
2035 1288 2341 1351 Socratem
2370 1287 2444 1351 ab
2466 1288 2648 1350 Areo-

626 1408 762 1491 pagi
819 1407 1054 1491 judicio
1109 1408 1465 1472 damnatum
1512 1432 1641 1473 esse
1664 1459 1681 1487 ,
1731 1432 1914 1493 penes
1962 1407 2127 1491 quod
2173 1407 2445 1471 tribunal
2493 1406 2646 1469 anti-

624 1527 835 1610 quitus
896 1529 1096 1591 fuerat
1151 1527 1455 1611 judicium
1516 1528 1798 1605 ἀσεβείαις
1847 1528 2098 1611 (Mem-s.
2148 1528 2369 1610 Areop.
2421 1524 2488 1588 C.
2541 1529 2603 1609 9)
2621 1552 2640 1602 3

624 1645 791 1728 quod
837 1653 1040 1709 tamen
1086 1647 1307 1710 falsum
1357 1670 1488 1709 esse
1528 1648 1656 1731 jam
1703 1646 1940 1731 pridem
2003 1645 2281 1729 probavit
2327 1642 2536 1707 Freret
2580 1644 2644 1707 in

624 1762 768 1826 diss,
824 1763 990 1827 laud.
1052 1788 1111 1847 p.
1170 1766 1328 1841 264,
1387 1770 1447 1827 et
1493 1765 1868 1829 affirmarunt
1912 1764 2106 1827 Meier
2153 1772 2213 1825 et
2257 1762 2640 1839 Schomann,

623 1882 753 1947 Att.
801 1882 975 1945 Proc.
1024 1905 1085 1967 p.
1135 1884 1301 1961 305,
1351 1890 1477 1946 not.
1528 1885 1634 1947 37.
2076 1866 2082 1871 .

1559 2120 1709 2203 §a

677 2353 771 2415 De
788 2332 1073 2429 ,Platonis
1102 2355 1387 2418 sententia
1404 2356 1656 2436 politica
1687 2360 1744 2418 et
1774 2358 1843 2417 de
1872 2376 2052 2417 causa
2070 2353 2585 2435 pereqrinationi&

713 2588 1197 2653 Commemorato
1243 2589 1429 2653 XXX
1478 2591 1743 2653 virorum
1791 2590 2110 2653 dominatu
2157 2598 2218 2653 et
2262 2590 2490 2673 injusta
2535 2588 2640 2651 So-

622 2708 798 2771 cratis
866 2707 1254 2771 damnatione
1272 2758 1290 2786 ,
1360 2709 1620 2792 scriptor
1689 2708 1949 2793 explicat
2017 2709 2290 2772 Platonis
2341 2707 2415 2770 de
2461 2730 2637 2791 repu-

619 2826 779 2890 blica
823 2826 1191 2911 capessenda
1235 2802 1597 2890 sententiam
1645 2835 1705 2890 et
1761 2835 2072 2911 susceptae
2135 2826 2632 2911 peregrinationis

622 2965 886 3009 causam.
978 2945 1195 3023 „Haec
1258 2968 1449 3029 quum
1511 2946 1952 3009 considerarem
1969 2995 1986 3023 ,
2052 2946 2234 3023 dicit,
2299 2942 2409 3025 ὅσῳ
2477 2948 2635 3021 μᾶλ-

620 3078 719 3127 λον
778 3063 1103 3128 διεσκόπουν
1164 3065 1389 3139 ἡλικίαις
1459 3067 1515 3129 τ’
1551 3067 1628 3137 εἰς
1694 3064 1760 3129 τὸ
1828 3065 2032 3142 πρόσθε
2099 3064 2439 3145 προῦβαινον
2455 3112 2474 3141 ,
2545 3087 2636 3127 το-

621 3183 803 3262 σούτῳ
860 3184 1273 3263 χαλεπώτερον
1333 3184 1604 3265 ἐφαίνετο
1664 3186 1824 3264 ὀρθῶς
1883 3180 2032 3248 εἶναί
2088 3208 2182 3261 μοι
2227 3185 2309 3248 τὰ
2357 3183 2632 3277 vonam-tuq&

610 3300 846 3367 διοικεῖν.
919 3301 1208 3386 Corrupti
1254 3302 1546 3366 nimirum
1595 3310 1766 3366 erant
1810 3325 2005 3365 mores
2053 3302 2275 3365 civium
2324 3308 2384 3365 et
2429 3302 2630 3385 leges:

609 3418 691 3484 τά
750 3445 818 3484 τε
876 3427 988 3483 τῶν
1049 3420 1248 3498 νόμων·
1289 3421 1633 3501 γράμματα
1693 3421 1790 3485 καὶ
1853 3421 1943 3495 ἔθη
1991 3421 2366 3501 §cembellum-o:
2431 3420 2630 3483 dicere

519 3576 527 3585 ·
612 3538 848 3601 voluit:
940 3540 987 3602 οἱ
1071 3538 1225 3616 νόμοι
1313 3539 1411 3603 καὶ
1479 3539 1561 3604 τὰ
1631 3540 1744 3613 ἔθη.
1779 3540 1825 3624 ²)
1917 3538 2234 3623 Denique,
2307 3538 2490 3616 dicit,
2563 3539 2628 3601 in

682 3798 731 3857 1)
764 3796 861 3845 Pro
894 3801 1109 3861 εἰσάγειν,
1144 3798 1269 3861 quod
1304 3800 1377 3845 est
1410 3797 1606 3846 verbum
1643 3798 1903 3855 usitatum,¹
1939 3797 2080 3860 paulo
2115 3800 2226 3845 ante
2261 3796 2404 3845 habet
2437 3802 2634 3861 εἰσάγειν

541 3957 545 3961 ⁵
615 3896 679 3950 εἰς
700 3894 1010 3961 δικαστήριονς
1046 3892 1171 3941 idem
1210 3892 1420 3941 occurrit
1452 3893 1503 3941 in
1538 3892 1678 3956 Apol.
1717 3908 1764 3955 p.
1788 3893 1850 3941 29
1887 3894 1958 3941 A:
1993 3890 2091 3944 τότ’
2111 3898 2170 3946 ἄν
2199 3914 2262 3957 με
2295 3893 2478 3951 δικαίως
2501 3896 2632 3943 εἰσά-

612 4007 681 4053 γοι
725 4007 793 4045 τις
826 3992 888 4045 εἱς
917 3989 1225 4057 δικαστήριον.
1294 3988 1520 4051 Hirschig
1553 3988 1620 4035 ibi
1655 3987 1832 4037 delevit
1865 3992 1928 4047 εἰς
1962 3990 2246 4057 δικαστήριον
2279 3992 2333 4037 ut
2368 3988 2628 4047 emblema,

612 4082 855 4146 probabile
890 4086 1046 4131 tamen
1085 4082 1209 4133 idem
1236 4082 1338 4145 jam
1373 4082 1812 4146 epistolographum
1847 4083 1897 4130 in
1932 4082 2150 4131 Platonis
2184 4081 2308 4131 libro
2344 4082 2526 4146 legisse.

680 4178 725 4239 2)
764 4179 887 4227 Mira
936 4179 1105 4237 dictim
1156 4186 1299 4244 νόμων
1350 4183 1427 4237 ἔθη
1476 4178 1570 4228 dici
1619 4182 1816 4243 possent
1848 4194 1997 4227 mores
2029 4178 2205 4243 legibus
2239 4178 2482 4227 constituti
2525 4180 2626 4227 sive

613 4272 813 4337 recepti,
850 4273 927 4322 sed
966 4274 1191 4339 distingui
1226 4249 1371 4341 „652va
1404 4280 1483 4334 ἔθη
1516 4279 1562 4323 et
1597 4282 1740 4341 νόμων
1770 4281 2038 4345 γράμματα
2068 4252 2286 4338 ineptum
2309 4282 2448 4339 puto,
2492 4276 2626 4339 quasi
