3092 5084
1597 470 1680 529 88

620 678 973 743 memoratio
1035 676 1327 740 sermonis
1373 682 1602 739 secreto
1677 675 1834 739 inter
1881 674 2104 738 amicos
2157 674 2395 739 habiti?
2447 674 2630 754 Quod

622 796 775 859 alter
821 794 933 872 ait,
984 794 1157 857 alteri
1202 816 1429 879 negare,
1469 793 1631 857 licet.
1725 792 1866 877 Ipse
1914 792 2170 877 scriptor
2215 792 2331 856 hoc
2377 792 2634 856 sensisse

620 913 862 977 videtur
878 961 895 990 ,
944 912 1115 976 addit
1160 913 1353 976 enim:
1404 914 1539 992 πρὸς
1589 911 1646 975 δὲ
1691 910 1909 983 τούτοις
1956 911 2039 975 ἔτι
2082 910 2472 994 σαφεστέρους
2509 911 2635 977 τού-

620 1056 732 1098 των
774 1032 854 1103 εἰς
898 1030 1152 1111 ἔλεγχον
1187 1030 1396 1107 λόγους
1443 1029 1559 1105 ἐγὼ
1605 1029 1749 1103 δοίην
1795 999 1896 1103 3⁵21,
1945 1029 2000 1093 εἴ
2039 1054 2127 1100 τις
2165 1030 2332 1103 ἱκοινή
2357 1054 2465 1094 που
2488 1028 2632 1111 φαί-

622 1174 763 1215 νοιτο
807 1150 995 1230 κρίσις.
1044 1151 1125 1235 (p.
1162 1153 1287 1212 319
1338 1149 1438 1232 D).
1510 1148 1742 1213 Mirum
1789 1155 2026 1225 tamen,
2063 1147 2114 1212 si
2143 1147 2502 1232 'argumenta
2531 1170 2638 1211 σοι·

622 1267 883 1349 φέστεροι
940 1268 1005 1331 in
1067 1274 1314 1353 promtu
1376 1266 1631 1344 habuit,
1695 1266 1913 1351 quidni
1975 1289 2046 1330 ea
2097 1266 2495 1351 expromserit
2571 1266 2635 1329 in

624 1385 905 1470 apologia
948 1385 1194 1470 publico
1241 1386 1383 1448 usui
1430 1384 1751 1449 destinata.
1845 1400 1850 1404 ’

711 1504 993 1587 Denique
1069 1510 1267 1567 totum
1334 1504 1625 1588 epistolae
1688 1510 2121 1587 argumentum
2139 1552 2158 1580 ‚
2227 1510 2288 1567 et
2354 1503 2636 1587 Dionysii

624 1622 966 1687 criminatio
1013 1628 1073 1685 et
1118 1622 1392 1686 Platonis
1436 1621 1710 1686 defensio
1731 1670 1750 1700 ‚
1799 1619 2098 1685 eiusmodi
2144 1628 2268 1698 est,
2303 1628 2375 1684 ut
2404 1622 2635 1686 fictioni

625 1764 809 1826 quam
855 1741 1094 1804 veritati
1142 1740 1397 1804 similior
1444 1742 1541 1804 sit.
1619 1740 1948 1824 Dionysius
1993 1739 2310 1803 Platonem
2357 1746 2602 1803 accusat
2616 1789 2634 1817 ‚

625 1858 790 1943 quod
814 1881 969 1942 quae
991 1857 1187 1923 facere
1210 1882 1274 1923 se
1299 1858 1444 1922 olim
1467 1858 1910 1943 prohibuisset,
1939 1858 2016 1921 ad
2044 1857 2251 1922 eadem
2275 1858 2640 1941 perficienda

625 2000 790 2042 nunc
844 1982 1055 2040 auctor
1106 1976 1187 2040 sit
1240 1976 1461 2054 Dioni,
1511 1983 1584 2040 ut
1621 1998 1836 2061 nempe
1869 1976 2130 2040 Graecas
2165 1975 2408 2040 Siciliae
2433 1976 2638 2039 civita-

625 2101 715 2158 tes
763 2118 797 2157 a
843 2093 1436 2178 Carthaginiensium
1484 2093 1899 2158 dominatione
1936 2093 2224 2157 liberaret
2254 2100 2312 2157 et
2346 2094 2638 2178 aequiori-

622 2214 739 2279 bus
785 2214 1025 2297 legibus
1071 2218 1372 2297 regnaret.
1423 2228 1428 2234 '
1463 2211 1635 2277 Num
1683 2220 1887 2277 autem
1917 2212 2242 2277 verisimile
2269 2219 2598 2297 tyrannum
2615 2262 2634 2291 ,

626 2332 735 2417 qui
796 2331 1001 2395 omnia
1065 2352 1177 2395 suo
1225 2330 1495 2396 arbitrio*
1522 2331 1767 2416 gerebat
1814 2336 1876 2395 et
1922 2330 2274 2416 philosophi
2317 2338 2640 2416 praecepta

630 2448 1099 2535 aspernabatur,
1148 2448 1334 2513 huius
1380 2450 1628 2513 monitis
1675 2471 1710 2511 a
1754 2448 2106 2533 gravissimo
2152 2449 2406 2513 consilio
2437 2471 2641 2513 avoca-

624 2574 762 2631 tum
808 2566 1025 2643 fuisse,
1074 2573 1218 2644 aut,
1268 2567 1319 2629 si
1365 2566 1609 2645 fuisset,
1656 2566 1720 2630 id
1764 2566 1963 2651 palam
2009 2566 2084 2630 de
2117 2589 2180 2631 se
2210 2566 2439 2630 fassum
2471 2567 2640 2631 esse?

627 2684 795 2765 Quid
844 2691 1047 2748 autem
1092 2706 1231 2747 eum
1278 2683 1639 2769 prohibebat
1696 2684 1761 2748 id
1808 2684 2044 2769 ipsum,
2108 2683 2161 2747 si
2209 2684 2425 2761 vellet,
2474 2707 2640 2748 nunc

628 2803 825 2866 facere
851 2852 870 2880 ‚
934 2824 1056 2886 quo
1106 2824 1249 2866 sane
1296 2801 1511 2866 Dionis
1561 2808 1620 2867 et
1663 2800 1937 2865 Platonis
1984 2802 2328 2866 molitiones
2373 2825 2646 2887 praever-
2686 2846 2690 2849 -

628 2920 845 2985 tisset?
914 2920 1189 2984 Platonis
1250 2929 1454 2985 autem
1514 2920 1826 3005 responsio
1885 2943 2010 2984 non
2057 2929 2190 2984 tam
2233 2920 2503 2985 defensio
2550 2928 2642 2985 est

630 3061 815 3123 quam
866 3038 1277 3102 recriminatio
1292 3088 1311 3115 ‚
1371 3037 1624 3123 indigna
1668 3039 1798 3102 viro
1813 3088 1832 3116 ,
1882 3040 1989 3122 qui
2035 3061 2178 3103 suae
2225 3038 2341 3103 sibi
2388 3039 2640 3103 virtutis

632 3164 693 3221 et
753 3156 1069 3241 dignitatis
1130 3157 1408 3222 conscius
1425 3206 1444 3233 ,
1508 3156 1769 3241 improbi
1815 3156 2078 3221 hominis
2125 3157 2456 3222 calumnias
2503 3179 2642 3222 con-

631 3283 898 3341 temnere
952 3274 1125 3339 facile
1171 3275 1394 3359 potuit.

716 3393 939 3478 Itaque
984 3394 1137 3457 mihi
1182 3392 1423 3457 videtur
1466 3416 1579 3457 nec
1623 3393 1956 3478 Dionysius
2003 3400 2129 3458 tam
2165 3391 2392 3458 stultus
2417 3394 2604 3458 fuisse
2620 3444 2638 3473 ‚

628 3520 701 3576 ut
760 3512 999 3576 futilem
1062 3510 1212 3575 adeo
1280 3511 1757 3576 criminationem
1827 3512 1902 3576 de
1972 3512 2228 3576 Platone
2296 3520 2604 3597 spargeret
2620 3561 2638 3589 ‚

628 3652 742 3693 nec
800 3630 977 3693 Plato
1035 3637 1161 3694 tam
1219 3630 1462 3715 ineptus
1479 3679 1498 3707 ‚
1546 3631 1655 3715 qui
1699 3630 1774 3693 ad
1821 3631 1978 3694 hanc
2023 3631 2178 3695 serio
2223 3631 2637 3715 responderet.

628 3747 996 3812 Plutarchus
1052 3747 1119 3810 in
1164 3748 1288 3811 vita
1332 3747 1550 3811 Dionis
1595 3749 1835 3846 (6.120)
1882 3755 2088 3812 narrat
2107 3798 2124 3827 ,
2175 3770 2366 3832 quum
2412 3750 2639 3833 Diony-

630 3866 756 3929 sius
816 3864 1133 3929 Platonem
1195 3865 1271 3929 ab
1334 3865 1554 3930 ultimo
1614 3866 1830 3930 itinere
1876 3867 2150 3930 Athenas
2196 3890 2504 3931 reversum
2549 3888 2642 3931 ro-

630 3989 863 4069 gasset,
912 4006 988 4047 ne
1032 3983 1346 4048 invidiosis
1393 3985 1469 4049 de
1516 4009 1580 4050 se
1628 3986 2009 4051 sermonibus
2041 3986 2470 4051 existimationi
2494 4008 2640 4051 suae

634 4100 798 4187 apud
866 4101 1129 4165 Graecos
1196 4110 1439 4167 noceret
1454 4152 1471 4181 ‚
1542 4103 1708 4168 hunc
1773 4104 2182 4189 respondisse:
2255 4108 2338 4183 μὴ
2383 4104 2638 4180 τοο-αὐτη

632 4218 821 4295 λόγων
867 4220 925 4283 ἐν
970 4220 1301 4303 Ἀκαδημίᾳ
1358 4220 1577 4297 γένοιτο
1622 4219 1828 4293 σπάνις
1847 4273 1866 4295 ,
1912 4220 2058 4287 ὥστε
2103 4227 2204 4287 ο-οῦ
2247 4246 2378 4288 τινα
2423 4246 2640 4300 μνημο-
