3092 5084
1617 482 1699 541 80

648 709 773 751 non
820 685 1018 750 solum
1066 686 1323 753 obscura
1368 696 1515 749 sunt
1554 686 1638 750 ob
1679 686 1970 751 omissum
2005 707 2226 750 nomen
2255 688 2626 766 Ἡρακλείδην
2644 740 2662 765 ,

648 805 754 869 sed
816 805 999 869 etiam
1045 827 1229 889 prava
1274 804 1555 869 laborant
1609 805 2079 873 constructione.
2171 805 2443 871 Verbum
2487 806 2657 884 ἀξιῶ,

649 923 816 1007 quod
878 923 1117 1008 proprie
1174 924 1474 1007 significat
1520 946 1762 1009 aequum
1807 927 1950 988 duco
1965 973 1984 1001 ,
2047 925 2204 1009 regit
2251 925 2664 989 accusativum

649 1065 786 1107 cum
847 1041 1180 1105 infinitivo:
1247 1064 1434 1126 quare
1495 1042 1619 1106 dici
1677 1050 1876 1127 potest
1920 1041 2060 1118 ἀξιῶ
2106 1044 2474 1123 Ἡρακλείδην
2519 1046 2664 1108 οὶπο-

648 1167 815 1225 πλεῖν
832 1213 849 1237 ,
914 1185 1049 1243 royo
1107 1169 1373 1247 (aequum
1433 1164 1604 1239 duco)
1667 1161 2030 1225 Heraclidem
2089 1162 2250 1225 abiae
2261 1190 2291 1237 ,-
2349 1184 2473 1226 non
2519 1184 2661 1225 vero

538 1275 547 1281 ’
647 1278 787 1355 οὶξιῶ
834 1281 1119 1345 Διονύσιον
1134 1330 1152 1364 ,
1201 1278 1571 1357 Ἡρακλείδην
1614 1282 1922 1345 οὶποπλεῖν.
1981 1278 2094 1344 Est
2138 1278 2287 1344 haec
2331 1287 2492 1343 certe
2522 1302 2658 1344 con·

648 1400 905 1462 structio
950 1398 1169 1483 peioris
1215 1405 1417 1462 notae.
1487 1396 1586 1459 Ita
1629 1404 1833 1461 tamen
1878 1404 2086 1461 noster
2115 1398 2321 1462 statim
2353 1398 2658 1482 loquitur:

652 1518 939 1581 Διονύσιον
998 1516 1140 1593 οέξιῶ
1203 1517 1301 1579 καὶ
1342 1515 1583 1592 δέομαι.
1613 1567 1626 1581 .
1655 1565 1670 1579 .
1725 1515 1897 1592 μηδὲν
1952 1518 2111 1597 αὐτῷ
2157 1510 2416 1597 φλαῦρον
2461 1518 2662 1607 γίγνε-

648 1636 773 1699 σθοιι
792 1687 810 1709 ,
859 1635 967 1699 ubi
1011 1642 1217 1711 tamen
1264 1634 1471 1698 addito
1520 1633 1700 1697 verbo
1749 1634 1946 1711 δέομαι
1979 1634 2205 1698 lenitur
2237 1634 2463 1699 abusus
2495 1634 2662 1698 verbi

648 1753 806 1828 οὶὲξιῶ.
900 1754 1153 1817 Insolite
1228 1774 1471 1836 quoque
1548 1751 1778 1817 dictum
1863 1759 1988 1815 est:
2063 1754 2214 1833 δεῦρο
2275 1754 2659 1832 Ἠραπλείδην

646 1846 881 1948 κομίσαι
930 1874 1064 1947 ἡμῖν
1110 1874 1185 1943 εἷς
1232 1870 1461 1947 λόγους.
1525 1868 1872 1954 Stephanus
1916 1871 2156 1954 putavit
2200 1892 2309 1955 pro
2351 1874 2485 1947 ἡμῖν
2517 1871 2658 1934 scri-

648 1989 915 2053 bendum
962 2012 1090 2053 esse
1136 1987 1320 2066 ἥκεινς
1369 1998 1578 2053 tamen
1622 2010 1698 2059 ne
1749 1988 1836 2051 sic
1881 1988 2124 2072 quidem
2185 1988 2427 2073 elegans
2473 1989 2664 2052 nasci-

644 2114 749 2172 tur
794 2108 1203 2171 constructio:
1252 2107 1486 2184 κομίσαι
1532 2106 1686 2185 δεῦρο
1735 2105 1916 2181 &aaut
2011 2106 2292 2191 Denique
2308 2156 2326 2186 ‚
2369 2130 2446 2171 ne
2478 2129 2659 2191 quem

648 2226 915 2290 offendet
989 2226 1214 2291 durum
1285 2224 1662 2309 hyperbaton
1737 2225 2068 2309 particulae
2140 2226 2259 2305 γὰρ
2320 2227 2386 2289 in
2446 2227 2657 2289 initio:

647 2345 898 2411 Πλοὶτων
944 2348 1091 2427 γὰρ,
1140 2346 1253 2428 ἔφη
1301 2367 1444 2430 pro:
1493 2346 1665 2422 ἔλεγε
1696 2342 1812 2423 γάρ
1828 2395 1845 2427 ,
1879 2341 1919 2408 ὦ
1953 2344 2233 2423 Πλοὶτων,
2267 2348 2390 2413 κτὲ.
2409 2396 2428 2430 ,
2461 2346 2659 2410 simile

652 2466 996 2550 exemplum
1060 2472 1148 2527 est
1208 2464 1285 2527 de
1342 2463 1531 2548 Legg.
1596 2463 1722 2541 IV,
1781 2488 1840 2550 p.
1895 2466 2016 2529 715
2066 2463 2150 2527 E:
2199 2463 2392 2544 ἄνδρες
2440 2466 2656 2541 τοίνυν,

652 2592 859 2667 φῶμεν
906 2584 1039 2663 πρὸς
1086 2584 1315 2655 αὐτούς.
1410 2583 1598 2646 Plura
1643 2583 1910 2647 eiusdem
1957 2584 2426 2647 constructionis
2470 2607 2666 2648 exem-

652 2702 755 2786 pla
800 2701 1046 2785 collegit
1092 2704 1225 2764 Ast.
1276 2700 1598 2765 Animadv.
1647 2701 1723 2765 ad
1769 2701 1831 2765 h.
1879 2701 1920 2764 l.
1970 2724 2029 2786 p.
2081 2703 2231 2765 216.

740 2818 884 2885 Non
929 2819 1131 2883 minus
1177 2820 1388 2903 pulcra
1432 2826 1578 2883 sunt
1623 2841 1776 2903 quae
1824 2819 2107 2904 deinceps
2140 2827 2516 2904 sequuntur:
2563 2830 2658 2901 Τῇ

652 2939 718 3013 δὴ
778 2938 939 3016 μετὰ
1003 2938 1224 3012 ταύτην
1268 2940 1371 3013 τὴν
1418 2938 1633 3019 ἡμέραν
1680 2939 1867 3014 δείλης
1914 2938 2192 3018 Εὐρύβιος
2235 2939 2333 3004 καὶ
2382 2940 2660 3015 Θεοδότης

651 3056 1033 3137 προσηλθέτην
1102 3080 1199 3135 μοι
1262 3057 1476 3138 σπουδῇ
1540 3056 1962 3137 τεθορυβημένω
2025 3059 2376 3135 θαυμαστῶς
2395 3110 2413 3134 ,
2473 3058 2570 3123 καὶ
2633 3060 2660 3123 ὃ

655 3176 932 3252 Θεοδότης
962 3175 1161 3253 λέγει’·
1208 3174 1485 3252 Πλάτων,
1524 3178 1639 3258 ἔφη
1657 3226 1674 3258 ,
1724 3176 1992 3255 παρῆσθα
2035 3177 2174 3256 χθὲς
2213 3172 2290 3248 οἷς
2329 3178 2452 3259 περὶ
2491 3181 2660 3258 Ἠρα-

658 3294 886 3367 κλεὶδην
910 3294 1195 3365 Διονύσιος
1224 3292 1507 3370 ὡμολόγει
1540 3294 1676 3373 πρὸς
1707 3294 1810 3371 ἐμὲ
1839 3294 1936 3357 καὶ
1977 3292 2070 3371 σε’;
2102 3301 2230 3366 Πῶς
2263 3295 2311 3357 δ’
2332 3294 2466 3371 οὔκ;
2493 3295 2658 3375 ἔφην.

654 3416 779 3475 Νῦν
825 3411 1037 3484 τοίνυν,
1084 3405 1119 3484 ἦ
1164 3411 1211 3475 δ’
1256 3408 1314 3476 ὃς·
1327 3458 1346 3487 ,
1397 3411 1700 3490 περιθέουσι
1747 3410 2082 3475 πελτασταὶ
2119 3412 2332 3486 λαβεῖν
2368 3414 2662 3493 Ἡρακλεί-

653 3528 748 3600 δην
808 3528 1142 3611 ζητοῦντες,
1210 3529 1236 3593 ὂ
1274 3529 1335 3593 δε
1382 3525 1528 3593 εἶναι’
1561 3553 1641 3609 πη
1683 3530 1873 3609 ταύτῇ
1909 3506 2248 3595 κινδυνεύει.
2295 3531 2435 3595 ἀλλ’
2481 3532 2654 3607 ἡμῖν,

654 3646 799 3729 ἔφη,
848 3644 1320 3721 ξυνακολούθησον
1367 3646 1504 3738 προς
1545 3646 1829 3711 Διονύσιον
1871 3645 2076 3728 οὶποέσῇ
2113 3657 2380 3728 μηχανῇ.
2442 3622 2656 3728 ’.Ωιχό-

652 3766 777 3842 μεθ’
835 3760 926 3829 οὖν
985 3765 1081 3829 καὶ
1137 3766 1467 3843 εἰσήλθομεν
1530 3768 1667 3843 παρ’
1723 3764 1898 3829 αὐτὸν
1914 3814 1932 3848 ,
1984 3765 2082 3829 καὶ
2137 3766 2215 3830 τὼ
2260 3766 2366 3843 μὲν
2407 3766 2657 3841 ἓστοέτην

651 3893 791 3966 σιγῇ
851 3884 1177 3965 δακρύοντε,
1244 3886 1358 3962 ἐγὼ
1405 3885 1451 3949 δ’
1478 3880 1674 3950 εἷπον·
1747 3880 1894 3950 Οἵδε
1939 3883 2312 3965 πεφόβηνται
2356 3886 2440 3963 μή
2484 3911 2539 3951 τι
2586 3886 2658 3951 σὺ

652 4003 817 4083 παρα
875 4003 956 4067 τοὶ
1014 4004 1152 4083 χθὲς
1214 4002 1637 4080 ὡμολογημένα
1682 4004 1914 4084 ποιήσῇς
1937 4035 1940 4037 v
1962 4001 2086 4081 περὶ
2125 4003 2493 4083 Ἡρακλείδην
2537 4004 2660 4067 νεώ-

650 4143 805 4199 τερον
830 4140 846 4157 ·
907 4121 1062 4185 δοκεῖ
1120 4121 1237 4200 γάρ
1302 4146 1397 4197 μοι
1458 4122 1650 4204 ταύτῇ
1697 4146 1778 4203 πῇ
1823 4119 2121 4198 γεγονέναι
2163 4121 2405 4202 φανερὸς
2449 4124 2659 4186 οέποτε-

654 4239 976 4318 τραμμένος
1006 4290 1018 4301 .
1090 4240 1115 4301 ὁ
1182 4240 1243 4302 δὲ
1308 4239 1563 4311 ἀκούσας
1618 4239 1958 4321 ἀνεφλέχθη
2015 4264 2082 4302 τε
2143 4238 2240 4303 καὶ
2303 4240 2654 4305 παντοδαποὶ
