3092 5084
1594 457 1678 518 46

621 663 891 746 γέγονεν,
939 660 1098 738 ἄξιον
1143 662 1407 726 οἰκοῦσαι.
1478 659 1739 725 Perinde
1785 667 1879 724 est
1920 682 1991 724 ac
2036 660 2092 724 si
2119 659 2339 725 Latine
2371 662 2634 726 diceres:

620 782 752 867 quis
777 769 984 867 fiderit
1028 782 1229 846 modu-5
1272 779 1514 861 oriqinis
1556 779 1730 844 huius
1762 779 2077 843 sententiae
2090 829 2109 856 ‚
2140 779 2377 861 diqnum
2408 778 2635 842 auditu.

621 899 848 962 Similis
893 897 1230 962 cumulatio
1273 897 1689 982 genitivorum
1737 903 1827 960 est
1857 919 1919 982 p.
1968 899 2094 960 331
2129 897 2225 961 D:
2265 897 2407 976 βίαν
2438 897 2495 961 δὲ
2526 915 2641 960 πα-

591 1019 762 1100 τρίδι
808 1018 1104 1088 πολιτείας
1167 1016 1511 1094 μεταβολῆς
1576 1017 1659 1094 μὴ
1717 1017 2084 1098 προσφέρειν,
2132 1039 2243 1101 pro
2289 1016 2494 1093 βιαίαν
2539 1038 2639 1080 πο·-

619 1132 844 1210 λιτειάς
897 1136 1268 1214 μεταβολήν.
1345 1135 1476 1216 Νέῳ
1519 1135 1619 1200 καὶ
1666 1137 1751 1214 μὴ
1798 1136 1898 1216 νέῳ
1942 1142 2034 1199 est
2078 1135 2297 1220 putida
2342 1134 2665 1220 elegantia·

615 1277 726 1342 pro
771 1256 874 1336 νέῳ
919 1254 1019 1320 καὶ
1075 1253 1406 1336 πρεσβύτῃ,
1455 1253 1581 1317 sive
1593 1303 1611 1332 ‚
1660 1260 1733 1317 ut
1775 1254 1961 1318 estin
1995 1253 2297 1338 Apologia
2335 1276 2395 1339 p.
2430 1255 2513 1318 30
2547 1253 2635 1316 A:

616 1373 715 1438 καὶ
765 1374 1008 1454 νεωτέρῳ
1053 1373 1152 1438 καὶ
1184 1372 1568 1454 πρεσβυτέρῳ.
1617 1371 2080 1437 Eiusdemmodi
2110 1379 2202 1436 est
2232 1371 2389 1436 illud
2421 1395 2461 1456 p
2508 1373 2636 1434 333

618 1491 706 1555 Β;
770 1489 862 1556 ἵνα
923 1493 972 1556 δ’
994 1491 1400 1573 ἐκπεράνωμεν
1459 1494 1580 1556 οὐκ
1640 1490 1853 1569 ὅλιγα
1914 1494 2255 1572 πράγματα
2315 1495 2373 1556 ἐν
2426 1492 2643 1572 ὀλίγῳ

625 1610 846 1692 χρόνῳ,
893 1632 1003 1694 pro
1050 1611 1253 1674 πολλα
1297 1609 1394 1674 διὰ
1437 1607 1733 1688 βραχεων.

711 1729 1027 1792 Postremo
1061 1728 1272 1792 addit:
1307 1728 1433 1808 ἔχει
1466 1728 1585 1806 γαρ
1614 1727 1802 1807 καιρὸν
1843 1728 1925 1792 τα
1956 1733 2070 1792 νῦν.
2118 1727 2416 1791 Scribenti
2449 1727 2641 1791 otium

619 1848 808 1912 fuisse
877 1847 954 1910 ad
1023 1846 1268 1931 longam
1347 1846 1667 1930 epistolam
1736 1845 2253 1924 concinnandam,
2316 1844 2642 1923 credibile3

619 1988 770 2047 num
831 1987 972 2028 vero
1035 1965 1254 2028 Dionis
1319 1964 1497 2030 sociis
1556 1964 1729 2028 avide
1782 1963 2104 2027 consilium
2152 1964 2645 2048 exspectantibus

625 2084 789 2147 idem
834 2083 1042 2164 καίριον
1087 2083 1284 2148 visum
1331 2083 1514 2147 fuerit
1535 2132 1553 2158 ,
1600 2105 1965 2167 magnopere
2013 2081 2276 2147 dubites·

713 2319 883 2382 Haec
950 2302 1258 2403 praefatus
1327 2342 1364 2382 a
1420 2343 1495 2382 se
1577 2319 1711 2403 ipso
1789 2317 2075 2381 narrandi
2140 2318 2387 2382 initium
2456 2317 2641 2382 facit:

625 2438 772 2510 Νέος
833 2439 947 2514 ἐγώ
1007 2441 1138 2503 ποτ’
1185 2439 1256 2502 ὢν
1320 2446 1561 2510 πολλοῖς
1622 2439 1687 2511 δὴ
1754 2437 1967 2504 ταύτὸν
2025 2437 2231 2502 ἔπαθον
2250 2458 2265 2473 ·
2328 2437 2505 2520 ᾠήθην
2520 2490 2537 2512 ,
2595 2439 2643 2501 εἰ

627 2558 836 2622 θοῖττον
879 2557 1135 2634 ἐμαυτοῦ
1181 2557 1450 2634 γενοίμην
1511 2555 1691 2634 κύριος
1710 2608 1727 2632 ,
1792 2557 1888 2620 ἐπὶ
1942 2557 2023 2621 τοὶ
2068 2557 2224 2620 κοινοὶ
2270 2565 2375 2630 τῆς
2421 2555 2641 2628 πόλεως

626 2675 786 2746 εὐθὺς
832 2675 990 2740 ἱέναι.
1083 2675 1201 2740 Καί
1241 2699 1338 2760 μοι
1381 2676 1569 2756 τύχαι
1616 2675 1761 2746 τινὲς
1810 2681 1920 2738 τῶν
1956 2683 2061 2749 τῆς
2099 2673 2318 2746 πόλεως
2358 2673 2637 2755 πραγμα-

629 2817 740 2857 των
786 2793 997 2856 τοιαίδε
1044 2793 1386 2873 παρέπεσον.
1439 2825 1445 2835 ·

719 2910 797 2973 In
842 2911 936 2974 his
984 2911 1122 2994 quis
1168 2933 1294 2974 non
1341 2911 1545 2974 statim
1594 2909 2021 2974 animadvertit
2063 2911 2273 2974 inanes
2320 2909 2639 2974 verborum

631 3027 958 3112 ambages?
1026 3028 1301 3107 Primum
1367 3036 1505 3113 post
1564 3029 1645 3093 τα
1706 3029 1863 3093 κοινοὶ
1909 3029 2173 3092 otiosum
2220 3035 2312 3091 est
2370 3036 2475 3102 τῆς
2542 3025 2643 3092 πό-

627 3161 805 3218 λεωςε
885 3147 1110 3219 usitate
1189 3148 1348 3211 enim
1424 3147 1673 3210 Graecis
1736 3147 1962 3211 dicitur
2021 3147 2301 3228 προσιέναι
2365 3147 2499 3227 πρὸς
2560 3147 2641 3212 τοὶ

629 3265 785 3330 κοινοὶ
803 3318 820 3340 ,
887 3267 1190 3346 παρελθεῖν
1253 3265 1345 3330 ἐπὶ
1407 3266 1488 3330 τοὶ
1550 3265 1737 3348 κοινοὶ,
1800 3267 1882 3331 τοὶ
1941 3266 2097 3330 κοινοὶ
2160 3265 2467 3347 πράττειν,
2530 3270 2641 3329 τῶν

627 3390 814 3448 κοινῶν
858 3385 1189 3464 ἀπέχεσθαι
1209 3437 1226 3460 ,
1277 3384 1395 3448 alia
1425 3367 1814 3462 huiusmodi,
1848 3407 1971 3449 non
2005 3384 2211 3448 addito
2242 3393 2346 3459 τῆς
2380 3386 2636 3458 πόλεως,

629 3502 796 3584 quod
843 3502 942 3566 hic
989 3525 1058 3566 eo
1104 3503 1296 3588 magis
1344 3503 1631 3581 offendit,
1696 3503 1841 3587 quia
1894 3503 2057 3567 idem
2114 3501 2479 3566 vocabulum
2524 3509 2641 3566 sta-

627 3621 742 3684 tim
801 3621 1073 3686 iteratur.
1167 3620 1366 3708 Simili
1425 3622 1775 3707 pleonasmo
1830 3622 2038 3708 jungit
2091 3629 2295 3686 noster
2356 3622 2436 3686 τοὶ
2482 3621 2641 3686 κοινοὶ

633 3740 730 3804 καὶ
779 3739 1082 3817 πολιτικά,
1130 3763 1189 3824 p.
1241 3742 1366 3804 325
1415 3741 1474 3804 A
1490 3790 1508 3819 ‚
1560 3740 1725 3824 quod
1770 3741 1831 3803 in
1882 3741 2001 3804 alio
2034 3741 2325 3826 scriptore
2356 3739 2533 3804 facile
2571 3739 2641 3801 li-

629 3857 830 3921 brario
875 3858 1206 3936 tribuereS‚
1253 3860 1319 3923 in
1363 3853 1575 3923 nostro
1623 3860 1687 3922 id
1733 3882 1857 3923 non
1903 3848 2275 3923 concessum.
2345 3858 2507 3922 Dein
2537 3880 2641 3921 no-

628 3983 793 4040 tetur
839 3976 1298 4040 circumlocutio
1344 3976 1535 4058 τύχαι
1568 3987 1711 4049 τινες
1743 3983 1852 4043 τῶν
1880 3987 1984 4053 τῆς
2019 3979 2239 4050 πόλεως
2271 3976 2642 4058 πραγμάτων

625 4115 735 4177 pro
799 4092 982 4173 τύχαι
1045 4095 1189 4166 τινὲς
1251 4103 1355 4168 τῆς
1412 4095 1635 4166 πόλεως
1684 4118 1731 4157 s,
1774 4096 1899 4175 περὶ
1945 4097 2049 4170 τὴν
2093 4095 2407 4160 πολιτείαν.
2476 4093 2641 4156 Talis

626 4210 994 4295 periphrasis
1041 4212 1323 4295 frequens
1372 4223 1461 4277 est
1507 4213 1571 4276 in
1620 4212 1931 4297 Epistola,
1980 4222 2052 4277 ut
2096 4237 2156 4298 p.
2208 4216 2335 4279 326
2394 4211 2479 4276 E:
2526 4219 2637 4277 τῶν
