3092 5084
1126 1235 1511 1333 CAPUT
1597 1235 1752 1332 VH.

637 1561 714 1604 DE
759 1561 1057 1606 PLATONIS
1102 1561 1457 1606 ITINERIBUS
1503 1562 1769 1622 QUORUM
1814 1562 1882 1606 IN
1928 1559 2243 1606 EPISTOLIS

1142 1681 1380 1724 MEN'rIo
1425 1681 1550 1725 NON
1597 1681 1718 1726 Frr.

1124 1923 1129 1930 ·
1220 1919 1642 1960 -——0022=:o‹>———

522 2141 719 2227 Supra
748 2143 1297 2223 animadvertimuS,
1324 2147 1399 2209 de
1420 2146 1761 2224 itineribuS,
1789 2168 1944 2230 quae
1967 2144 2144 2208 Plato
2170 2144 2438 2228 Megara,

434 2259 743 2344 Cyrenen,
772 2263 835 2324 in
860 2265 1206 2347 Aegyptum
1234 2274 1295 2326 et
1326 2265 1389 2327 in
1414 2265 1654 2328 Italiam
1689 2264 2024 2348 suscepisse
2054 2263 2352 2340 traditur,
2378 2263 2444 2326 in

433 2377 725 2462 'Epistolis
788 2381 1021 2445 nullam
1083 2382 1212 2444 fieri
1270 2383 1640 2446 mentionem
1658 2433 1676 2460 ,
1739 2383 1860 2446 imo
1918 2388 2110 2445 totam
2156 2382 2445 2445 narratio-

330 2528 336 2548 ι
434 2520 573 2560 nem
618 2499 707 2561 ita
752 2501 1143 2584 compositam
1176 2524 1335 2579 esse,
1369 2510 1442 2564 nt
1478 2500 1952 2586 peregrinationi
1981 2501 2044 2563 in
2075 2500 2444 2583 longinquas

432 2623 643 2692 terras·
668 2611 769 2681 vix
814 2619 985 2682 locus
1029 2595 1293 2702 relinqui
1342 2620 1636 2684 videatur.
1707 2619 1772 2682 Si
1817 2620 1978 2682 enim
2023 2641 2173 2702 quae
2206 2619 2269 2682 in
2305 2618 2446 2702 Epi-

375 2773 382 2788 ·
435 2735 592 2797 stola
637 2735 766 2798 VII
811 2744 940 2800 tum
990 2736 1065 2801 de
1106 2739 1379 2802 Platonis
1422 2739 1827 2802 adolescentia
1867 2746 2001 2801 tum
2041 2737 2115 2800 de
2157 2737 2276 2800 vita
2308 2742 2446 2820 post

432 2851 696 2916 Socratis
740 2863 999 2918 mortem
1045 2855 1302 2919 Athenis
1349 2865 1482 2920 aeta
1528 2879 1723 2939 usque
1771 2855 1845 2919 ad
1894 2855 2329 2941 profectionem
2377 2854 2460 2916 in'

434 2968 677 3034 Italiam
723 2979 1046 3037 narrantur
1060 3023 1077 3051 ,
1128 2981 1358 3037 attente
1401 2975 1660 3058 legimus
1676 3025 1695 3052 ,
1743 2973 1899 3038 nihil
1943 2972 2108 3036 aliud
2148 2972 2292 3035 inde
2325 2972 2444 3035 effi-

432 3091 661 3154 ciamus
728 3093 847 3156 nisi
907 3092 1059 3156 hoc:
1121 3092 1441 3157 Platonem
1494 3117 1603 3178 per
1658 3116 1834 3157 omne
1888 3092 2045 3156 illud
2091 3099 2331 3176 tempus
2376 3077 2443 3154 in

434 3211 628 3292 patria
687 3211 1018 3288 mansisse,
1061 3211 1245 3295 idque
1298 3213 1661 3296 transegisse
1707 3212 1928 3297 partim
1974 3209 2258 3274 ineundis
2306 3231 2444 3273 con-

436 3327 585 3390 siliis
631 3327 706 3391 de
761 3330 1126 3414 capessenda
1178 3331 1524 3416 republica,
1581 3331 1802 3417 partim
1857 3329 2276 3415 philosophiae
2321 3335 2445 3391 stu-

436 3445 585 3522 diis,
634 3449 893 3512 maxime
938 3471 1079 3512 vero
1128 3449 1599 3533 cogitationibus
1646 3449 1720 3512 de
1763 3447 2138 3512 emendanda
2169 3447 2442 3524 civi-tate,

437 3572 616 3649 atque
678 3566 821 3629 inde
880 3567 944 3630 in
1007 3569 1207 3631 animo
1272 3569 1401 3632 eius
1461 3574 1668 3632 natam
1731 3591 1857 3631 esse
1916 3567 2084 3631 illam
2147 3566 2445 3650 perfectae

424 3685 697 3748 ‘civitatis
758 3685 1011 3748 formam
1027 3735 1045 3764 ,
1103 3709 1257 3770 quae
1302 3687 1367 3750 in
1414 3661 1594 3771 opere
1639 3685 1763 3767 περὶ
1809 3685 2116 3756 Πολιτεΐοίς
2166 3705 2445 3768 expressa

436 3809 559 3865 est:
624 3825 809 3886 quam
872 3826 1060 3887 quum
1121 3805 1185 3867 in
1258 3805 1510 3869 Graecia
1565 3803 1836 3868 effectam
1889 3801 2062 3867 reddi
2115 3825 2292 3887 posse
2339 3801 2438 3864 de-

436 3928 700 4005 speraret
714 3971 731 3998 ,
799 3922 1345 4006 quadragenarium
1391 3924 1602 3987 relicta
1662 3923 1856 4008 patria
1914 3923 1979 3986 in
2033 3919 2274 3984 Italiam
2345 3920 2444 4016 ab·

433 4038 591 4101 iisse.
685 4038 925 4119 Quodsi
970 4040 1130 4102 intra
1175 4040 1289 4102 hoc
1345 4062 1642 4104 annorum
1689 4039 2077 4102 intervallum
2122 4037 2298 4100 Plato
2347 4035 2445 4099 vel

434 4155 636 4219 taedio
682 4179 885 4220 rerum
930 4158 1197 4221 civilium
1244 4158 1339 4222 vel
1385 4158 1660 4222 discendi
1704 4158 1900 4242 grati'a
1945 4179 2192 4241 peregre
2237 4155 2444 4238 aliquo

440 4275 745 4360 profectus
792 4283 981 4353 esset,
1030 4275 1307 4360 scriptori
1352 4276 1439 4339 ita
1483 4275 1656 4360 loqui
1709 4297 1834 4338 non
1886 4275 2080 4338 licuit.
2173 4273 2321 4336 Post
2361 4295 2448 4334 re-

2081 4393 2154 4448 ll
2171 4389 2206 4426 ²¹⁸⁸
