3092 5084
1368 487 1440 546 4]

392 695 474 758 lis
536 693 850 758 familiaris
898 693 997 778 (de
1045 714 1168 776 quo
1217 691 1429 778 Cicero
1474 691 1684 755 Divin.
1734 714 1786 756 6.
1838 694 1981 775 25),
2030 691 2412 768 AlcimeneS‚

391 837 555 878 unus
621 837 654 877 e
699 812 1080 898 principibus
1129 813 1543 889 Achaeorum,
1595 813 1859 896 denique
1906 811 2117 875 Miltas
2164 811 2416 874 Thessa-

386 934 516 1010 luS‚
566 940 768 1010 vateS,
815 932 1091 996 Platonis
1142 931 1385 996 auditor
1430 931 1645 1016 (Plut..
1668 931 1853 995 Dion.
1889 954 1939 995 6.
1977 933 2095 1008 22,
2132 933 2246 1008 23,
2283 932 2439 1014 28).-

275 1065 284 1074 “
386 1051 639 1115 Praeter
697 1051 836 1113 illos
898 1073 931 1113 e
990 1050 1158 1114 mille
1220 1049 1500 1113 exsulum
1560 1072 1815 1113 numero
1875 1049 2149 1134 quinque
2210 1056 2273 1113 et
2330 1049 2415 1112 vi-

384 1169 550 1254 ginti
610 1170 676 1233 in
722 1169 1120 1255 expeditionis
1167 1169 1517 1232 societatem
1564 1174 1868 1232 venerant.
1940 1167 2150 1248 Quum
2198 1173 2403 1232 autem

389 1288 518 1352 Dio
580 1287 904 1373 Syracusas
964 1288 1229 1352 venisset
1247 1337 1266 1365 ,
1330 1287 1419 1351 ibi
1478 1286 1663 1357 multi
1726 1309 1789 1350 se
1851 1286 1907 1349 ei
1965 1273 2378 1372 adjunxerunt
2392 1337 2411 1364 ‚

389 1429 659 1490 quorum
704 1413 909 1470 tamen
952 1429 1079 1470 non
1121 1406 1244 1470 nisi
1288 1406 1498 1490 pauci,
1548 1406 1784 1491 opinor,
1826 1405 2035 1470 οἰκείων
2082 1412 2143 1468 et
2179 1406 2414 1487 ἑταίρων

387 1526 643 1589 nomine
687 1525 861 1610 digni
905 1525 1173 1589 fuerunt.
1249 1524 1715 1589 Fidissimorum
1760 1525 2090 1588 amicorum
2139 1532 2199 1588 et
2244 1525 2414 1588 soda-

387 1645 550 1709 lium
610 1645 884 1729 plerique
945 1644 1308 1729 proeliantes
1357 1643 1643 1707 adversus
1689 1651 1978 1728 tyrannos
2028 1644 2378 1708 ceciderunt
2392 1695 2411 1722 ,

390 1763 504 1827 alii
550 1762 624 1827 ab
671 1785 742 1827 eo
789 1763 1173 1826 desciverunt
1189 1813 1207 1839 ,
1258 1769 1330 1825 ut
1376 1761 1694 1847 Callippus
1742 1762 1995 1845 eiusque
2040 1762 2218 1840 socii,
2268 1785 2415 1847 quo-

389 1879 538 1946 rum
583 1882 1001 1966 conjuratione
1047 1887 1256 1967 postea
1299 1887 1550 1954 necatus
1598 1887 1689 1944 est
1734 1879 1922 1965 (Plut.
1968 1904 2020 1944 6.
2057 1883 2183 1966 57).
2232 1879 2415 1944 Fidos

392 2003 660 2079 amicOS‚
708 2001 918 2086 quales
964 2000 1064 2063 hic
1113 2000 1565 2085 significantur,
1616 1999 1803 2063 Dioni
1846 2023 2179 2086 perpaucos
2226 2001 2415 2064 fuisse

395 2126 652 2205 apparet
697 2142 770 2182 ex
815 2119 944 2183 eius
991 2141 1138 2183 nece
1153 2167 1170 2196 ‚
1221 2141 1413 2202 quum
1459 2118 1833 2183 adstantium
1874 2119 2203 2183 amicorum
2234 2142 2412 2183 nemo

395 2236 856 2323 percussoribus
918 2260 982 2301 se
1042 2237 1263 2322 objecit
1271 2263 1289 2315 3
1336 2243 1580 2301 mortuo
1629 2244 1831 2300 autem
1879 2259 1950 2302 eo
1967 2287 1986 2315 ,
2036 2260 2198 2301 unus
2246 2237 2416 2301 fami-

395 2355 644 2419 liarium
706 2355 954 2420 Hicetas
1017 2356 1479 2420 Aristomachen
1541 2363 1603 2420 et
1656 2357 1882 2420 Areten
1928 2357 2147 2420 Dionis
2194 2379 2413 2421 uxores

396 2475 464 2539 in
515 2475 764 2538 domum
811 2496 984 2538 suam
1029 2481 1299 2560 receptas
1333 2497 1480 2538 auro
1511 2474 1783 2560 prodidit
1814 2475 2188 2539 adversariis,
2251 2475 2417 2540 Hinc

338 2621 343 2624 ·
397 2593 686 2679 colligere
751 2593 928 2671 licet,
1001 2593 1108 2677 qui
1168 2594 1267 2658 hic
1327 2600 1623 2657 vocantur
1683 2593 1891 2665 Δίωνος
1951 2585 2133 2659 οἶκεῖοὶ
2143 2641 2163 2672 ,
2210 2595 2275 2659 in
2321 2595 2416 2660 his

397 2718 694 2797 cognatos
723 2712 910 2775 fuisse
949 2735 1139 2798 paene
1169 2712 1374 2776 nullos
1387 2731 1406 2790 ,’
1450 2713 1672 2776 amicos
1704 2718 1908 2776 autem
1932 2712 2079 2776 satis
2103 2713 2383 2797 vulgares
2394 2763 2413 2792 ,

397 2854 529 2898 non
558 2838 684 2894 tam
714 2830 976 2894 hominis
1015 2831 1318 2895 studiosos
1350 2853 1530 2914 quam
1566 2831 1697 2895 eius
1728 2831 2024 2916 partium,
2060 2832 2169 2914 qui
2197 2831 2416 2895 Dionis

401 2949 680 3034 exemplo
723 2949 1064 3014 liberiorem
1110 2950 1483 3034 reipublicae
1528 2951 1783 3014 formam
1813 2951 2103 3015 inducere
2134 2973 2418 3014 conaren-

399 3075 524 3132 tur.
595 3067 866 3164 Diodoro
913 3073 1117 3131 autem
1147 3074 1300 3132 teste
1334 3067 1531 3152 (XVI.
1580 3071 1718 3152 36),
1754 3069 1846 3147 hi,
1882 3091 2074 3152 quum
2104 3091 2198 3131 res
2228 3091 2416 3132 novas

401 3188 800 3264 molirentur,
864 3209 900 3249 a
960 3185 1241 3272 Callippo
1297 3186 1447 3251 urbe
1503 3187 1669 3272 pulsi
1712 3187 2042 3252 Leontium
2088 3171 2413 3272 fugerunt:

402 3304 668 3376 στάσεως
727 3303 1032 3383 γενομένης
1093 3313 1210 3374 τοῖς
1271 3305 1480 3378 Δίωνος
1539 3306 1732 3386 φίλοις
1788 3305 1925 3386 πρὸς
1971 3304 2321 3370 Κάλλιππον
2365 3307 2413 3370 οἱ

403 3425 512 3502 μὲν
571 3429 672 3488 τοῦ
733 3423 944 3494 Δίωνος
1003 3423 1163 3503 §Diam
1225 3422 1558 3499 ἡττηθέντες
1614 3422 1833 3506 ἔφυγον
1878 3426 1957 3496 εἷς
2001 3425 2133 3496 τοὺς
2179 3423 2413 3490 Λεοντί-

405 3567 548 3615 νους.
608 3540 923 3626 Callippus
970 3564 1077 3627 per
1122 3541 1409 3606 tredecim
1455 3565 1690 3606 menses
1735 3543 2058 3628 imperium
2106 3542 2416 3627 Syracusis

403 3661 622 3724 tenuit.
653 3661 699 3744 ¹)
791 3659 966 3740 Quae
1026 3666 1383 3745 reputantes
1443 3661 1619 3726 facile
1683 3661 2096 3746 intelligemus
2159 3662 2299 3726 illos
2346 3685 2416 3726 eo

403 3786 674 3864 tempore
718 3800 842 3842 non
886 3786 1058 3842 tanta
1099 3778 1287 3842 fuisse
1332 3779 1631 3864 potentia,
1680 3787 1753 3844 ut
1798 3780 1873 3844 de
1905 3781 2243 3844 ordinanda
2272 3781 2414 3844 civi-

405 3905 531 3962 tate
577 3896 951 3961 deliberandi
997 3897 1072 3960 iis
1119 3905 1277 3961 esset
1320 3900 1511 3963 locus·

479 4169 528 4228 1)
561 4167 636 4216 Cf.
671 4167 842 4226 Grote,
877 4169 972 4218 vol.
1008 4169 1090 4227 XI,
1125 4183 1173 4232 p.
1211 4169 1306 4218 129
1341 4185 1411 4233 sq.
1445 4170 1673 4218 Diversus
1708 4171 2045 4234 Syracusarum
2080 4187 2214 4220 casus
2249 4171 2359 4222 inde
2391 4189 2420 4222 a

411 4267 562 4313 morte
592 4263 763 4312 Dionis
793 4263 957 4326 paucis
989 4267 1202 4314 recenset
1234 4265 1458 4315 Salomon
1491 4266 1600 4316 libr.
1634 4266 1761 4315 laud.
1799 4283 1846 4332 p.
1884 4267 1944 4316 13
1980 4269 2153 4318 annot.
