3092 5084
1645 486 1765 546 140

782 690 1403 755 Animadvertendum
1435 692 1498 755 in
1531 694 1789 756 transitu
1810 742 1828 769 ,
1864 715 2045 776 quam
2079 701 2355 756 accurate
2387 694 2512 771 hic,
2540 694 2698 757 sicut

693 818 869 872 antea
927 810 991 873 in
1037 810 1379 873 narratione
1426 810 1680 899 secundi
1724 812 1990 889 itineris,
2038 834 2244 875 omnes
2291 812 2550 875 rationes
2599 836 2696 875 ex-

694 928 909 1011 plicet,
959 950 1115 1011 quae
1160 928 1274 991 iter
1322 929 1628 1013 suscipere
1669 928 2025 1007 suaderent,
2074 930 2359 994 nimirum
2408 914 2478 993 ut
2533 930 2698 993 omni

687 1046 803 1109 hac
847 1046 910 1109 in
957 1070 1021 1109 re
1068 1043 1425 1111 temeritatis
1472 1048 1656 1132 culpa
1693 1048 1870 1112 Plato
1920 1048 2226 1112 liberetur.

776 1166 1109 1250 Dionysius
1170 1174 1299 1230 erat
1344 1166 1726 1244 adolescens,
1792 1174 1864 1231 ut
1908 1167 2092 1244 dicit,
2165 1167 2372 1250 itaque
2441 1167 2696 1231 simulac

678 1285 855 1348 venit
870 1333 887 1362 ,
922 1286 1139 1348 statuit
1169 1284 1433 1349 animum
1460 1285 1590 1349 eius
1623 1285 1952 1371 explorare.
2001 1285 2114 1349 Sed
2155 1286 2275 1363 cito
2311 1285 2527 1349 fefellit
2559 1308 2694 1349 eum

690 1427 855 1489 spes:
923 1404 1255 1489 Dionysius
1314 1404 1395 1469 τοὶ
1455 1405 1718 1482 μέγιστα
1785 1405 1986 1469 εἰδέναι
2030 1431 2097 1471 τε
2141 1406 2239 1470 ux)
2285 1407 2489 1477 ἱκανῶς
2535 1405 2692 1485 ἔχειν

687 1530 1091 1601 προσεποιεῖτο.
1126 1522 1272 1585 Mox
1302 1500 1483 1587 etiam
1514 1523 1776 1601 rescivit,
1811 1546 1949 1587 eum
1975 1523 2198 1587 librum
2229 1524 2536 1608 scripsisse
2561 1546 2699 1587 con-

688 1641 977 1704 tinentem
1014 1663 1082 1703 ea
1114 1663 1269 1724 quae
1301 1639 1608 1724 quondam
1647 1664 1720 1704 ex
1756 1641 2010 1708 Platone
2049 1641 2352 1719 audisset,
2410 1650 2695 1727 corrupta

686 1766 888 1823 tamen
936 1764 997 1822 et
1028 1757 1407 1835 deformata,
1455 1758 1727 1823 συνθέντα
1771 1761 1844 1829 ὡς
1890 1760 2066 1823 αὑτοῦ
2111 1760 2357 1840 τέχνην,
2405 1760 2558 1825 οὐδὲν
2581 1764 2691 1823 τῶν

684 1879 873 1941 αὐτῶν
905 1872 977 1940 ὧν
1005 1876 1195 1941 ἀκούοι
1224 1878 1307 1961 (p.
1343 1880 1467 1939 341
1505 1877 1600 1961 B).
1661 1875 1845 1957 Quod
1875 1877 1980 1941 ille
2011 1877 2220 1941 multis
2268 1877 2462 1941 verbis
2494 1900 2690 1962 repre-

581 2007 586 2013 “
687 1994 921 2058 hendit.
1013 1994 1207 2058 Paulo
1254 2003 1392 2079 post
1436 1996 1597 2059 inter
1641 1995 1847 2059 ambos
1894 1995 2206 2060 altercatio
2254 1996 2450 2060 oritur
2481 1995 2557 2059 de
2588 1995 2694 2059 Di·

687 2135 820 2177 one.
898 2112 1229 2198 Dionysius
1292 2113 1487 2177 vetuit
1550 2113 1732 2178 huius
1794 2123 2213 2198 procuratores
2271 2114 2335 2178 in
2381 2121 2693 2199 posterum

684 2231 919 2295 reditus
965 2254 1247 2316 agrorum
1293 2231 1370 2295 ad
1414 2231 1672 2296 Dionem
1719 2232 1963 2296 mittere
2009 2234 2090 2317 (p.
2141 2234 2266 2296 345
2309 2231 2400 2316 G).
2494 2231 2697 2296 Plato-

685 2374 823 2415 nem
857 2351 993 2415 ideo
1026 2351 1189 2415 abire
1220 2351 1566 2437 cupientem
1598 2359 1889 2435 tyrannus
1922 2351 2116 2415 oravit
2150 2360 2220 2416 ut
2251 2351 2327 2415 ad
2351 2350 2694 2435 proximum

686 2493 917 2535 annum
947 2478 1217 2535 maneret
1227 2497 1245 2549 3
1293 2470 1427 2548 ille,
1455 2470 1570 2535 etsi
1600 2470 1862 2548 invitus,
1897 2478 2100 2535 tamen
2134 2470 2188 2533 ei
2220 2469 2692 2555 obtemperavit,

684 2612 931 2674 sperans
978 2612 1201 2673 aequas
1245 2588 1622 2653 conditiones
1668 2588 1856 2653 Dioni
1899 2611 1963 2652 se
1991 2588 2478 2673 impetraturum.
2528 2588 2693 2652 Hinc

682 2706 900 2792 longae
952 2708 1369 2772 altercationes
1416 2707 1493 2771 de
1545 2707 1761 2771 Dionis
1816 2707 2315 2791 possessionibus
2409 2707 2690 2771 Primum

686 2826 1017 2911 Dionysius
1072 2826 1397 2911 pollicetur
1450 2848 1515 2889 se
1554 2826 1770 2889 Dionis
1823 2827 2143 2910 pecuniam
2200 2826 2500 2911 deponere
2537 2826 2692 2890 velle

682 2945 941 3010 Athenis
974 2952 1035 3009 et
1064 2946 1128 3009 in
1159 2945 1608 3029 PeloponneSO,
1659 2966 1729 3009 ea
1772 2943 2160 3023 condicione,
2211 2950 2282 3008 ut
2314 2944 2493 3007 Plato
2528 2944 2689 3008 eius·
2722 2984 2725 2988 -

682 3086 803 3149 que
863 3064 1039 3128 amici
1100 3085 1417 3148 sponsores
1464 3069 1697 3141 essent,
1745 3084 1822 3127 ne
1867 3061 2018 3147 quid
2061 3062 2180 3126 Dio
2228 3069 2440 3126 eontra
2484 3062 2687 3146 ipsum

672 3183 991 3247 moliretur
1058 3183 1139 3267 (p.
1205 3185 1331 3250 346
1394 3183 1449 3246 B
1512 3184 1688 3267 sqq.).
1781 3181 1901 3247 Hic
1961 3179 2087 3247 rem
2152 3180 2372 3246 differt.
2466 3182 2688 3245 Postea

673 3303 1005 3387 Dionysius
1067 3324 1327 3387 aequum
1390 3274 1524 3367 esse
1579 3301 1769 3379 dixit,
1821 3308 1891 3365 ut
1938 3301 2094 3366 bona
2138 3302 2296 3365 inter
2344 3308 2577 3386 patrem
2623 3308 2686 3365 et

670 3421 867 3485 filium
912 3420 1358 3498 dividerentur3
1407 3442 1594 3505 quare
1640 3419 1886 3506 praedia
1929 3420 2146 3483 Dionis
2195 3442 2258 3483 se
2290 3419 2684 3483 venditurum

674 3546 738 3604 et
803 3538 1119 3603 dimidiam
1186 3538 1477 3623 pecuniae
1543 3546 1777 3623 partem
1844 3538 1937 3602 illi
2005 3538 2407 3605 redditurum.
2501 3536 2682 3603 Plato

674 3658 943 3723 oblatam
1002 3657 1411 3721 conditionem
1466 3657 1734 3742 accipere
1788 3658 2027 3721 noluit:
2101 3680 2222 3741 qua
2282 3657 2345 3721 in
2406 3679 2472 3720 re
2531 3679 2681 3721 num

674 3775 991 3862 prudentis
1038 3776 1443 3861 procuratoris
1490 3775 1685 3839 officio
1731 3776 1979 3841 functus
2025 3775 2106 3839 sit
2121 3825 2139 3854 ,
2191 3774 2471 3839 dubitare
2517 3774 2679 3840 licet.

674 3894 947 3959 Eventus
993 3893 1139 3973 fuit,
1189 3901 1262 3960 ut
1306 3894 1636 3978 Dionysius
1682 3872 1842 3959 b'ona
1870 3892 2210 3958 vendiderit
2241 3900 2425 3977 atque
2439 3942 2457 3972 ,
2505 3892 2680 3957 novis

674 4013 815 4077 inde
855 4011 1077 4098 jurgiis
1122 4014 1305 4091 ortis,
1354 4012 1543 4077 Dioni
1588 4012 1761 4076 nulla
1805 4013 2096 4098 pecuniae
2143 4034 2279 4097 pars
2327 4012 2406 4076 sit
2441 4012 2680 4076 reddita

676 4131 757 4216 (p.
830 4133 956 4195 350
1006 4130 1099 4216 B).
1164 4130 1393 4196 Eadem
1439 4132 1683 4196 brevius
1729 4114 1922 4197 relata
1965 4130 2159 4216 Epist.
2214 4129 2353 4209 ΙΙΙ,
2409 4154 2466 4215 p.
2525 4133 2674 4195 318.

766 4250 930 4316 Dum
956 4248 1132 4315 Plato
1164 4250 1477 4335 Syracusis
1510 4258 1810 4328 moratur,
1841 4249 2106 4337 erumpit
2137 4250 2402 4315 militum
2436 4249 2673 4316 seditio·
2750 4276 2768 4295 ·
