3092 5084
1559 454 1679 515 152

605 661 940 745 (Plutarch.
991 659 1173 725 Dion.
1216 682 1266 723 c.
1296 662 1433 743 31),
1470 659 1624 723 alter
1655 658 1930 725 eiusdem
1964 658 2244 743 Dionysii
2276 657 2472 735 filius,
2506 681 2626 723 ma-

603 790 694 844 tre
739 787 921 845 natus
970 779 1423 857 Aristomache,
1472 778 1691 843 Dionis
1739 800 1940 841 sorore
1987 776 2219 861 (Nepos
2266 777 2447 842 Dion.
2504 780 2624 861 1.),

603 900 710 983 qui
774 898 949 963 ambo
1008 906 1203 962 aetate
1265 921 1457 982 paene
1504 920 1679 981 pares
1726 896 1913 997 fuisse
1960 872 2279 973 videntur3
2331 919 2516 981 quare
2562 897 2627 961 in

482 1028 495 1057 ⁸
604 1018 890 1102 ambiguo
939 1028 1031 1081 est
1048 1064 1065 1094 ‚
1116 1024 1253 1082 uter
1301 1017 1519 1080 horum
1564 1016 1961 1099 intelligatur.
2029 1014 2316 1100 Plerique
2361 1015 2436 1079 de
2483 1015 2628 1079 Dio-

602 1137 697 1201 nis
742 1136 869 1201 filio
926 1138 1199 1221 cogitant
1216 1162 1235 1214 3
1304 1136 1532 1221 quippe
1599 1158 1708 1220 par
1755 1158 1884 1199 esse
1931 1158 2070 1220 cum
2119 1143 2288 1219 patre
2337 1135 2627 1221 conjungi

602 1256 973 1321 mentionem
1015 1255 1161 1332 filii,
1212 1262 1282 1322 et.
1313 1256 1451 1340 jure
1499 1255 1727 1339 sperari
1773 1276 1982 1339 posse,
2035 1254 2232 1339 qualis
2278 1260 2450 1340 pater
2481 1234 2628 1318 fuis-

608 1381 726 1452 set,
774 1374 959 1438 talem
1008 1396 1255 1458 quoque
1300 1373 1582 1437 futurum
1634 1372 1846 1436 filium.
1933 1370 2000 1435 Si
2046 1395 2185 1435 vero
2233 1372 2400 1441 hunc
2447 1372 2623 1437 intel-

600 1492 753 1555 lexit
798 1490 1088 1575 scriptor,
1132 1492 1300 1575 gravi
1344 1490 1555 1575 lapsus
1606 1497 1697 1554 est
1743 1512 1961 1553 errore.
2011 1488 2292 1554 Relatum
2341 1499 2434 1555 est
2466 1490 2626 1555 enim

602 1611 677 1675 ab
724 1609 1029 1673 historicis
1043 1658 1061 1687 ,
1111 1608 1331 1672 Dionis
1384 1608 1577 1673 filium
1595 1657 1612 1685 ,
1669 1630 1793 1671 non
1839 1608 2036 1673 multo
2084 1617 2408 1694 postquam
2455 1616 2628 1694 pater

605 1729 1038 1813 Syracusarum
1086 1726 1339 1811 imperio
1386 1726 1620 1812 potitus
1653 1732 1837 1802 esset,
1875 1725 1950 1789 de
1981 1733 2142 1789 tecto
2177 1725 2420 1790 aedium
2459 1750 2626 1811 prae-

534 1861 538 1865 '
603 1846 852 1930 cipitem
898 1868 961 1909 se
1007 1844 1244 1909 dedisse
1294 1867 1487 1930 eoque
1543 1867 1688 1909 casu
1741 1853 2055 1908 mortuum
2103 1868 2260 1909 esse:
2310 1868 2464 1929 quae
2493 1869 2625 1923 reS,

608 1972 679 2030 ut
725 1963 933 2050 Nepos
981 1964 1131 2029 dicit
1178 1964 1383 2048 (Dion.
1434 1986 1485 2027 c.
1534 1967 1597 2029 4.
1645 1962 1959 2027 Plutarch.
1997 1986 2046 2028 c.
2071 2010 2078 2015 ·
2102 1966 2242 2049 55),
2293 1965 2462 2049 gravi
2494 1964 2628 2028 vul-

600 2109 741 2150 nere
801 2085 999 2149 affecit
1056 2084 1247 2170 patris
1304 2084 1612 2162 animum,
1685 2085 1795 2148 etsi
1865 2086 2268 2149 constantiam
2325 2085 2455 2149 eius
2503 2108 2626 2149 non

602 2204 815 2289 fregit:
858 2202 1252 2287 quamobrem
1297 2202 1588 2266 laudatur
1633 2199 1708 2266 ab
1756 2203 2042 2280 Aelian0,
2091 2202 2236 2267 Var.
2283 2202 2443 2267 Hist.
2485 2202 2624 2282 III,

601 2325 677 2401 4,
742 2329 803 2385 et
864 2345 918 2417 a!
958 2322 1325 2401 Plutarch0,
1376 2321 1621 2387 Consol.
1672 2322 1750 2385 ad
1814 2322 2101 2409 Apollon.
2151 2346 2211 2408 p.
2269 2326 2392 2387 119
2443 2325 2504 2387 Α
2549 2323 2624 2386 Β.

606 2439 932 2520 Quomodo
993 2440 1312 2505 Platonem
1374 2451 1482 2504 aut
1542 2442 1810 2527 aliquem
1869 2464 1902 2505 e
1949 2441 2166 2506 Dionis
2222 2440 2625 2505 familiaribus

606 2560 815 2643 sugere
858 2546 1126 2623 restam
1163 2559 1456 2624 'luctuosa
1500 2559 1752 2645 potuit?
2413 2566 2418 2570 “

698 2678 963 2742 Groteus
1024 2676 1212 2761 (Hist.
1261 2677 1329 2741 of
1370 2676 1477 2743 Gr.
1526 2677 1646 2741 vol.
1696 2676 1792 2757 X,
1841 2702 1902 2763 p.
1952 2680 2084 2743 436
2126 2664 2283 2762 not.)⁶
2342 2678 2628 2763 opinatur

605 2795 792 2859 Dioni
838 2794 993 2859 duos
1022 2795 1210 2861 fuisse
1241 2795 1398 2859 filios
1416 2845 1433 2872 ‚
1470 2817 1734 2879 quorum
1768 2796 2027 2860 alterum
2051 2796 2211 2881 patri
2235 2798 2625 2882 superstitem

602 2915 819 2992 fuisse,
867 2914 1221 3000 praesertim
1268 2914 1435 2997 quod
1480 2914 1763 2979 Timaeus
1803 2915 2021 2979 Dionis
2077 2914 2273 2979 filium
2313 2937 2438 2979 non
2471 2915 2632 3001 Hip-‚

605 3034 921 3119 parinum,
956 3033 1063 3096 sed
1086 3034 1414 3097 Aretaeum
1444 3033 1830 3097 nominatum
1853 3056 1981 3097 esse
2008 3033 2248 3098 dixerit.
2284 3035 2483 3118 Atqui
2506 3036 2624 3099 hoc

608 3151 929 3217 discrimen
974 3158 1215 3217 tantum
1260 3158 1350 3215 es't
1397 3152 1692 3217 nominis:
1746 3176 1886 3217 nam
1925 3153 2296 3219 Plutarchus
2333 3155 2538 3239 (Dion.
2565 3178 2622 3219 c.

608 3273 715 3355 31)
742 3270 963 3334 diserte
1004 3264 1185 3347 dicit,
1228 3292 1401 3348 eum,
1443 3271 1544 3335 cui
1575 3270 1857 3335 Timaeus
1883 3273 2144 3337 Aretaeo
2175 3296 2397 3338 nomen
2435 3273 2626 3337 fuisse

605 3388 873 3452 narravit
890 3437 909 3465 ,
960 3388 1222 3452 eundem
1266 3388 1453 3455 fuisse
1500 3411 1682 3473 quem
1729 3390 1913 3454 ceteri
1963 3389 2374 3476 Hipparinum
2424 3392 2626 3477 appel·

605 3507 830 3571 larunt.
889 3506 1146 3569 Accedit
1191 3506 1356 3589 quod
1397 3506 1506 3570 illo
1555 3508 1854 3572 exstincto
1887 3508 2150 3573 Dionem
2180 3507 2412 3574 ἄπαιδα
2435 3510 2624 3575 fuisse

608 3647 884 3709 expresse
908 3622 1218 3709 proditum
1253 3632 1343 3689 est
1390 3624 1580 3709 (Plut.
1609 3648 1659 3690 c.
1691 3628 1836 3703 56³3
1867 3627 2033 3711 quod
2057 3628 2474 3692 testimonium
2499 3651 2623 3712 quo

600 3745 739 3827 jure
786 3764 896 3827 pro
938 3742 1091 3806 falso
1123 3766 1365 3807 rumore
1396 3744 1590 3829 possit
1621 3744 1864 3823 haberi,
1906 3752 1978 3808 ut
2011 3746 2298 3831 opinatur
2321 3746 2620 3825 GroteUS,

606 3862 737 3946 ipse
782 3859 1019 3925 viderit.
1108 3861 1241 3925 Imo
1289 3861 1421 3946 ipsa
1464 3862 1614 3927 haec
1661 3864 1918 3949 epistola
1964 3887 2158 3928 unum
2203 3864 2394 3931 Dioni
2423 3865 2619 3931 filium

608 3979 791 4043 fuisse
836 4001 961 4042 non
1008 3978 1262 4043 obscure
1308 3980 1560 4045 indicat.
1593 3982 1637 4064 ¹)
1685 3981 1784 4044 Ad
1824 3982 2246 4047 affirmandum
2294 3984 2410 4047 hoc
2456 3984 2624 4047 testi—

678 4254 723 4313 1)
762 4252 865 4301 vid.
900 4269 945 4323 p.
982 4254 1077 4306 345
1112 4253 1173 4315 Ο,
1201 4252 1281 4306 ubi
1304 4254 1362 4306 de
1375 4221 1559 4306 'Dionis
1583 4254 1955 4323 possessionibus
1979 4268 2123 4321 agens
2147 4254 2406 4323 Dionysius
2429 4259 2620 4309 conten-
