3092 5084
1359 488 1437 551 79

389 695 715 773 „arcessivi
771 694 946 761 illum
1007 700 1069 759 et
1110 674 1335 759 iterum
1381 715 1709 772 arcessam,
1757 694 1809 758 si
1856 694 2198 767 auscultare
2243 695 2395 759 mihi

389 815 597 893 „velit
657 814 1021 899 Dionysium
1068 820 1273 878 autem
1317 834 1423 877 oro
1470 820 1532 876 et
1575 812 1782 897 flagito
1827 820 1900 877 ut
1915 863 1933 892 ‚
1983 814 2034 878 si
2089 814 2226 900 quis
2272 814 2396 879 He-

385 931 646 1011 „raclidi
706 932 946 997 obviam
1004 932 1073 995 fit
1132 930 1229 995 vel
1286 931 1417 995 ruri
1474 930 1573 995 vel
1633 932 1700 995 in
1759 932 1906 997 urbe
1922 981 1940 1010 ,
2005 932 2161 997 nihil
2226 932 2396 997 aliud

386 1051 743 1128 „molestiae
790 1053 846 1117 ei
891 1051 1020 1116 fieri
1067 1050 1227 1115 sinat
1283 1051 1401 1115 nisi
1460 1056 1533 1113 ut
1565 1050 1798 1115 exsulet
1828 1074 1861 1115 e
1891 1052 2166 1135 regione,
2201 1052 2396 1117 donec

385 1169 763 1255 „Dionysius
808 1169 986 1234 aliter
1026 1175 1274 1233 statuat.
1322 1167 1459 1233 Hoc
1475 1218 1495 1247 ‚
1542 1169 1782 1252 inquit,
1831 1170 2195 1254 Dionysium
2237 1192 2397 1235 com·

380 1288 664 1373 „pellans
679 1336 699 1366 ‚
748 1295 821 1352 tu
862 1286 1015 1353 mihi
1058 1286 1406 1381 promittis?
1473 1285 1772 1351 Promitto
1788 1336 1809 1365 ,
1841 1288 2157 1373 respondit
2170 1338 2190 1367 ,
2216 1310 2356 1352 eum
2373 1337 2391 1366 ,

380 1428 507 1485 „ne
553 1405 717 1471 domi
764 1406 1011 1491 quidem
1054 1412 1197 1469 tuae
1238 1406 1291 1469 si
1320 1404 1809 1494 deprehendatur
1823 1454 1842 1483 ,
1891 1406 2220 1490 quicquam
2249 1404 2396 1470 mali

380 1500 753 1609 „passurum
799 1530 1007 1588 contra
1050 1522 1217 1608 quod
1260 1545 1425 1587 nunc
1472 1530 1719 1609 pactum
1767 1522 1919 1587 est.'’

472 1642 862 1727 Quicumque
896 1664 1110 1727 graeca
1139 1642 1321 1707 verba
1351 1641 1542 1727 legat,
1581 1649 1868 1727 agnoscat
1896 1642 1990 1707 bis
2013 1650 2227 1727 terque
2250 1642 2396 1707 rele-

380 1761 583 1845 genda
628 1784 756 1825 esse
800 1767 873 1825 ut
916 1782 1161 1825 sensum
1204 1782 1543 1843 assequare.
1617 1758 1838 1847 ,Causa
1877 1761 2262 1826 obscuritatis
2294 1782 2398 1845 po-

381 1878 503 1942 sita
546 1878 767 1962 partim
810 1878 875 1942 in
922 1878 1244 1943 verborum
1289 1876 1682 1961 ambagibus‘,
1732 1886 1804 1941 ut
1848 1878 1913 1942 in
1958 1877 2090 1942 his:
2141 1880 2241 1943 εὀὶν
2281 1859 2396 1954 ἐγῶ

378 1997 646 2076 γένωμαι
691 1998 847 2079 δεῦρο
892 2000 1013 2076 Ἠρ.
1060 1998 1295 2076 κομίσαι
1318 1997 1555 2068 δυνατὸς
1588 2000 1725 2074 ἡμῖν
1762 1998 1842 2069 εἷς
1872 1998 2079 2075 λόγους
2096 2048 2115 2073 ,
2150 2018 2260 2082 pro
2291 1998 2392 2062 εὀὶν

379 2117 637 2195 δύνωμαι
698 2118 905 2182 πείθειν
967 2115 1337 2196 Ἡρακλείδην
1382 2118 1519 2193 ἡμῖν
1565 2116 1643 2184 εἷς
1690 2114 1899 2193 λόγους
1945 2117 2159 2193 ἐλθεῖνς
2211 2115 2396 2179 dein:
2445 2186 2454 2200 ἱ

382 2235 871 2313 μετεπεμψάμην
910 2232 1167 2313 πρότερον
1180 2284 1199 2309 ,
1227 2285 1241 2298 .
1274 2284 1288 2299 .
1317 2283 1331 2299 .
1379 2233 1860 2311 μεταπέμψομαι
1907 2234 1965 2297 δὲ
2011 2235 2111 2299 καὶ
2160 2240 2286 2310 νῦν,
2326 2234 2396 2299 ἄν

376 2354 435 2415 τ’
481 2351 603 2416 ἀπὸ
661 2360 767 2426 τῆς
828 2349 1101 2431 προτέροις
1159 2359 1561 2429 μεταπομπῆς
1587 2400 1602 2415 .
1632 2400 1648 2415 .
1677 2399 1691 2415 .
1739 2348 1813 2415 ἄν
1857 2354 1914 2416 τ’
1959 2353 2080 2417 οὲπὸ
2125 2362 2229 2427 τῆς
2275 2358 2389 2417 νῦν.

376 2469 615 2535 Partim
682 2469 1015 2535 obscuritas
1084 2469 1278 2533 oritur
1339 2490 1410 2534 ex
1472 2468 1794 2533 omissione
1855 2470 2172 2535 nominum
2237 2492 2394 2554 quae

378 2588 664 2676 supplevi
679 2638 698 2667 ,
762 2590 984 2675 partim
1038 2587 1301 2672 denique
1347 2611 1379 2651 e
1418 2589 1709 2673 junctura
1752 2589 2164 2655 membrorum
2206 2591 2395 2678 impe-

379 2706 515 2771 dita
561 2715 622 2771 et
666 2708 983 2793 ambigua,
1041 2714 1113 2771 ut
1156 2730 1281 2773 non
1328 2728 1574 2772 sensum
1619 2730 1652 2771 e
1697 2707 1924 2785 vel-bie,
1981 2707 2086 2772 sed
2133 2731 2166 2772 e
2210 2731 2392 2773 sensu

378 2828 565 2893 verba
626 2828 923 2913 explicare
984 2827 1221 2893 debeas.
1291 2826 1503 2891 =Velut
1565 2828 1630 2891 iu
1675 2826 1805 2891 his:
1855 2826 1928 2893 ἂν
1973 2825 2091 2906 ἄρα
2133 2829 2218 2906 μὴ
2265 2826 2396 2908 δόξῃ

377 2947 497 3011 δεῖν
564 2948 739 3011 αὐτὸν
799 2948 961 3012 οἰκεῖν
1021 2947 1078 3012 ἐν
1123 2946 1397 3029 Σικελία,
1445 2954 1585 3031 post
1639 2944 1770 3028 δόξῃ
1813 2946 2212 3032 perspicuitas
2260 2969 2394 3032 pos-

381 3064 550 3129 tulat
600 3065 783 3129 inseri
813 3068 1116 3145 Διονυσίῳ,
1162 3072 1375 3129 contra
1404 3064 1514 3129 δεῖν
1544 3064 1764 3129 melius
1794 3063 2030 3151 abesset
2079 3064 2177 3148 (cf.
2212 3085 2394 3149 supra

381 3206 446 3267 p.
493 3185 621 3268 45).
706 3181 944 3247 Deinde
990 3205 1181 3266 quum
1221 3182 1427 3268 jungit
1473 3184 1646 3248 αὐτὸν
1691 3184 1856 3247 οἰκεῖν
1903 3185 1960 3247 ἐν
2011 3193 2136 3248 Σικ.
2185 3182 2279 3247 τὸν
2323 3206 2392 3245 τε

380 3302 500 3366 υἱὸν
536 3300 808 3380 λαβόντα
851 3327 906 3368 κ.
952 3327 1007 3366 τ.
1058 3308 1314 3378 γυναῖκα
1356 3298 1497 3375 οὶξιῶ
1534 3302 1614 3371 εἷς
1652 3311 1797 3366 Πελ.
1837 3302 2156 3375 οξποπλεῖν,
2208 3299 2392 3364 ambi-

382 3442 579 3504 guum
639 3427 764 3497 est,
826 3429 1035 3486 utrum
1096 3420 1482 3506 participium
1538 3420 1811 3497 λαβόντα
1857 3441 1998 3483 cum
2043 3441 2392 3505 praegresso

381 3541 550 3604 οἰκεῖν
602 3562 678 3603 an
724 3562 864 3603 cum
910 3546 1206 3623 sequente⁴
1245 3542 1535 3605 ἀποπλεῖν
1576 3538 1960 3624 jungendum
2007 3540 2106 3603 sit.
2189 3539 2393 3603 Poste-

381 3656 514 3721 rius
576 3657 791 3721 suadet
850 3680 1083 3722 sensuS.
1144 3656 1263 3722 Sed
1308 3658 1500 3723 maior
1545 3657 1884 3723 obscuritas
1927 3666 2216 3722 remanet.
2294 3655 2394 3720 In-

383 3776 533 3860 cipit
592 3776 711 3839 sic:
761 3776 1047 3841 Διονύσιον
1094 3777 1209 3853 ἐγὼ
1256 3778 1426 3842 πείθω
1473 3779 1716 3859 τουτονί,
1765 3776 1864 3841 ἐοὶν
1910 3784 2024 3841 cet.
2041 3802 2060 3855 3
2109 3775 2394 3861 deinceps

386 3896 474 3958 sic
534 3894 764 3979 pergit:
828 3897 925 3961 τόν
982 3920 1051 3959 τε
1112 3896 1225 3961 υἱὸν
1285 3896 1562 3974 λαβόντα
1617 3896 1716 3960 καὶ
1776 3897 1880 3969 τὴν
1941 3902 2196 3973 γυναῖκα
2251 3893 2392 3970 ἀξιῶ

385 4014 800 4098 (Ἡρακλείδην)
854 4015 933 4085 εἰς
971 4014 1395 4089 Πελοπόννησον
1447 4017 1754 4080 ἀποπλεῖν.
1819 4013 2090 4099 Scriptor
2135 4013 2252 4075 hoc
2296 4034 2394 4075 vo-

386 4130 507 4194 luit
565 4131 797 4195 dicere:
858 4131 1200 4217 „Dionysio
1261 4132 1626 4217 persuadeO,
1691 4132 1742 4196 si
1788 4139 1933 4210 etc.‚
1983 4152 2243 4214 eumque
2289 4152 2392 4193 oro

389 4258 459 4314 ut
505 4248 855 4315 Heraclides
900 4252 964 4316 in
1009 4250 1494 4337 Peloponnesum
1538 4251 1845 4337 naviget.”
1937 4250 2167 4315 Graeca
2212 4248 2392 4315 verba
