3092 5084
1621 507 1742 566 ziz

668 713 885 790 nione,
917 712 1234 776 Platonem
1278 712 1503 798 placita
1535 734 1645 774 sua
1677 710 1753 774 de
1783 710 1966 775 rebus
2000 712 2220 777 divinis
2255 721 2516 798 augusta
2546 735 2688 796 qua·

668 831 809 895 dam
855 831 1277 916 mysteriorum
1328 831 1492 895 nube
1523 831 1884 907 involvisse,
1922 852 2112 914 eaque
2145 840 2214 895 ut
2249 833 2468 916 vulgus
2499 832 2691 896 homi-

668 973 815 1014 num
878 951 1227 1036 superantia
1272 952 1479 1035 paucis
1526 958 1768 1014 tantum
1823 952 1999 1034 quasi
2063 952 2141 1014 ad
2188 953 2478 1016 interiora
2524 975 2691 1016 sacra

670 1069 945 1133 admissis
986 1069 1328 1154 aperuisse,
1368 1069 1565 1132 oritur
1592 1068 1902 1152 quaestiO,
1931 1092 2081 1132 num
2106 1071 2170 1134 in
2202 1069 2475 1134 Platonis
2509 1071 2692 1154 scrip-

667 1189 746 1250 tis
794 1187 1079 1272 legantur
1125 1209 1279 1271 quae
1327 1187 1470 1250 huic
1518 1187 1793 1271 opinioni
1840 1187 2044 1251 locum
2086 1186 2228 1252 dare
2275 1189 2606 1272 potuerint.

606 1325 609 1327 ’
696 1351 701 1356 -
757 1304 902 1370 Non
965 1307 1126 1390 fugit
1171 1306 1489 1369 Platonem
1536 1305 2000 1370 multitudinem
2051 1307 2370 1371 abhorrere
2419 1331 2453 1371 a
2499 1307 2692 1392 philo-

674 1425 888 1509 sophia
945 1433 1005 1488 et
1051 1424 1251 1488 odisse
1296 1402 1728 1510 philosophos,
1780 1447 1932 1508 quos
1979 1434 2270 1510 tanquam
2317 1426 2694 1504 μετεωροσκό·

676 1567 815 1641 πςυς
878 1550 938 1606 et
997 1543 1331 1622 ἀεροβοέτοος
1393 1543 1581 1627 vulgo
1626 1542 1845 1620 rideri,
1895 1545 2235 1621 contemni,
2285 1545 2520 1630 sperni,
2569 1546 2692 1609 imo

676 1662 887 1725 exsilio
953 1670 1013 1726 et
1074 1671 1269 1726 morte
1330 1661 1515 1739 affici,
1579 1669 1706 1725 tam
1753 1661 2010 1726 aliorum
2057 1685 2239 1746 quam
2287 1662 2549 1727 Socratis
2597 1665 2692 1728 sui

678 1782 953 1866 exemplo
1002 1781 1253 1844 edoctus
1304 1788 1450 1845 erat.
1542 1780 1886 1845 Luculenta
1941 1789 2002 1845 et
2047 1783 2216 1870 gravi
2261 1783 2533 1847 oratione
2581 1782 2694 1846 hac

678 1897 752 1962 de
811 1922 876 1962 re
938 1899 1213 1984 disputat
1274 1898 1349 1962 de
1396 1898 1545 1984 Rep.
1597 1898 1723 1978 VI,
1773 1923 1832 1984 p.
1890 1902 2262 1964 489—490.
2354 1900 2490 1964 Jam
2542 1900 2692 1984 quid

676 2017 868 2101 magis
932 2023 1408 2081 consentaneum
1444 2017 1660 2081 ·videri
1723 2025 1960 2102 poterat
2043 2041 2227 2104 quam
2303 2022 2410 2102 qui
2471 2019 2558 2089 ita
2619 2018 2694 2082 de

676 2134 1091 2200 multitudinis
1155 2136 1438 2219 opinione
1501 2136 1786 2213 sentiret,
1851 2159 1990 2200 eum
2052 2137 2276 2200 cavisse
2338 2160 2415 2201 ne
2477 2138 2696 2201 doctri-

680 2276 795 2318 nae
855 2254 1081 2338 placita
1142 2253 1628 2338 intelligentibus
1673 2262 1914 2318 tantum
1964 2263 2105 2339 apta
2149 2255 2213 2318 in
2263 2256 2485 2339 vulgus
2531 2255 2696 2319 effer-

679 2377 924 2446 rentur,
976 2393 1165 2455 eaque
1212 2370 1361 2435 adeo
1410 2378 1517 2448 aut
1565 2370 1900 2440 occultasse
1931 2379 2038 2434 aut
2067 2393 2192 2436 non
2214 2373 2334 2435 nisi
2357 2379 2518 2436 tecte
2543 2378 2602 2435 et
2629 2373 2696 2436 δι’

568 2487 573 2494 ’
676 2489 956 2566 αἰνιγμῶν
1003 2478 1417 2572 significasse?
1508 2487 1642 2551 Nec
1697 2478 2110 2553 scrutantibus
2158 2488 2366 2554 deesse
2417 2498 2698 2574 poterant

673 2605 911 2670 indicia·
960 2606 1185 2692 quibus
1249 2606 1405 2670 hanc
1468 2606 1817 2691 opinionem
1875 2607 2062 2672 semel
2126 2593 2472 2693 susceptam
2521 2609 2696 2672 fulci-

672 2734 829 2790 rent.
922 2725 1099 2790 Plato
1146 2726 1308 2789 enim
1352 2725 1464 2790 'ubi
1510 2725 1748 2790 abditas
1797 2727 2180 2810 quaestiones
2226 2734 2486 2805 tractat,
2535 2750 2697 2812 prae-

675 2845 882 2909 sertim
928 2844 1003 2908 de
1050 2844 1351 2930 principio
1399 2851 1459 2907 et
1506 2843 1581 2907 de
1630 2847 1746 2908 fine
1792 2868 1992 2909 rerum
2039 2845 2346 2924 omnium,
2381 2845 2693 2910 interdum
2779 2879 2786 2884 ·

674 2964 759 3027 sic
812 2963 1089 3047 loquitur
1147 2970 1217 3026 ut
1275 2986 1343 3026 ea
1390 2961 1648 3027 divinari
1696 2964 1901 3048 potius
1951 2986 2136 3046 quam
2183 2962 2468 3028 distincte
2515 2964 2692 3028 intel-

672 3079 784 3165 ligi
854 3088 913 3145 et
972 3081 1260 3167 explicari
1322 3103 1496 3166 posse
1557 3081 1874 3166 significet.
1967 3081 2055 3145 Ut
2115 3083 2392 3146 omittam
2447 3085 2690 3161 μύθους,

675 3198 900 3284 quibus
971 3200 1286 3284 opiniones
1356 3221 1503 3262 suas*
1554 3200 1629 3262 de
1684 3201 2021 3264 animorum
2078 3209 2297 3265 natura
2351 3210 2412 3266 et
2457 3203 2692 3286 origine

576 3402 580 3406 ¹
676 3318 993 3403 exposuit,
1041 3319 1107 3382 in
1154 3317 1483 3382 Phaedone
1530 3319 1606 3382 de
1652 3320 2108 3384 immortalitate
2156 3320 2456 3385 disserens
2489 3331 2694 3406 aperte

680 3435 829 3500 dicit
877 3437 958 3522 (p.
1012 3437 1091 3498 85
1141 3435 1259 3519 D),
1309 3443 1586 3521 oportere
1633 3459 1742 3500 nos
1776 3427 2076 3520 probabili
2107 3438 2341 3502 ratione
2372 3447 2694 3504 contentos

676 3577 838 3632 esse,
918 3555 963 3618 εἰ
1032 3556 1117 3631 μή
1171 3579 1259 3626 τις
1318 3555 1533 3619 δύναιτ’
1592 3555 2032 3636 ἀσφαλέστερον
2109 3557 2210 3620 καὶ
2278 3559 2686 3640 ἀκινδυνότερον

676 3674 771 3736 ἐπὶ
818 3673 1189 3759 βεβαιοτέρου
1229 3675 1536 3753 ὀχήματος
1580 3675 1611 3748 ἢ
1650 3674 1830 3749 λόγου
1871 3675 2012 3738 θείου
2048 3675 2194 3768 τιινὸς
2235 3677 2691 3758 διαπορευθῆνοιι,

675 3792 842 3868 „nisi
905 3793 1041 3875 quis
1090 3792 1351 3855 firmiore
1396 3799 1525 3856 rate
1572 3801 1781 3855 vectus
1829 3793 1952 3856 sive
2000 3793 2205 3858 divina
2251 3795 2514 3879 quadam
2553 3799 2695 3861 rati-

678 3932 791 3973 one
850 3909 1031 3974 nixus
1086 3911 1285 3974 tutius
1348 3917 1409 3974 et
1455 3911 1680 3974 certius
1731 3933 1836 3994 per
1882 3911 2065 3974 vitam
2111 3913 2395 3998 navigare
2439 3916 2694 3999 possit.'’

678 4025 805 4106 Qui
834 4027 935 4091 hic
967 4027 1194 4092 dicitur
1223 4029 1361 4119 θεῖος
1393 4028 1568 4104 λόγος
1597 4027 1749 4112 quid
1775 4028 1944 4091 aliud
1975 4039 2064 4093 est
2087 4031 2206 4094 nisi
2231 4035 2542 4116 persuasio
2569 4056 2692 4097 non

675 4145 928 4210 rationis
976 4170 1087 4232 ope
1136 4146 1240 4211 sed
1288 4146 1495 4210 divino
1543 4145 1751 4210 afflatu
1799 4147 1973 4211 nobis
2023 4147 2270 4212 oblata?
2339 4149 2414 4213 In
2447 4151 2692 4216 Timaeo

678 4273 884 4330 autem
945 4267 1227 4331 audimus
1290 4252 1373 4330 de¹
1426 4266 1559 4329 Deo
1623 4268 1769 4330 haec
1833 4267 2169 4344 dicentem,
2222 4293 2279 4354 p.
2333 4273 2414 4333 28
2462 4270 2548 4334 E:
2596 4276 2692 4336 τὸν
