3092 5084
1582 506 1704 566 108

630 713 813 777 habet
874 735 996 797 quo
1058 712 1356 777 referatur
1372 738 1391 789 3
1452 713 1842 783 οὶνακολούθως
1907 713 2140 796 positus
2203 718 2295 775 est
2311 739 2328 789 ;
2398 735 2539 775 mox
2597 713 2652 776 ei

626 832 1023 897 substituitur
1067 836 1203 897 ταῦ
1216 835 1270 896 τ’
1315 830 1447 897 οὔτε
1492 831 1689 915 ῥᾴδιον.
1783 831 2036 896 Dictum
2082 831 2240 895 κακοὶ
2263 832 2489 914 ἀμφοῖν
2506 882 2526 907 ‚
2554 854 2657 918 op-

628 949 896 1035 positum
927 971 1277 1035 praegresso
1300 948 1674 1031 ξυμφέρονται
1690 999 1708 1027 ,
1744 971 1854 1033 pro
1878 950 2240 1031 ἀμφοτέρους
2272 950 2649 1028 βλάπτοντα,

626 1067 801 1132 valde
849 1067 1073 1132 durum
1119 1074 1228 1132 est.
1322 1066 1511 1148 Quod
1558 1068 1709 1132 dicit
1753 1070 1906 1149 εὐχῇ
1953 1068 2011 1132 δὲ
2057 1069 2344 1149 προσέοικε
2361 1119 2377 1150 ,
2414 1069 2655 1154 decerp-

626 1194 761 1251 tum
823 1193 948 1265 est,
997 1193 1071 1252 ut
1116 1187 1331 1251 Astius
1378 1185 1808 1250 animadvertit
1868 1186 2118 1270 (Plato’s
2165 1186 2315 1251 Leb.
2364 1211 2426 1252 u.
2475 1187 2650 1251 Schr.

624 1329 685 1391 p.
737 1307 889 1391 223)
937 1329 969 1370 e
1016 1306 1307 1383 Platone,
1374 1306 1481 1389 qui
1526 1306 1768 1390 saepius
1813 1306 1927 1369 hac
1975 1304 2240 1401 dictione
2288 1307 2520 1384 utitur,
2584 1322 2644 1371 u¹

625 1424 702 1489 de
734 1424 883 1510 Rep.
917 1424 1078 1503 VII,
1127 1448 1184 1510 p.
1224 1426 1387 1503 540,
1421 1425 1513 1488 D:
1563 1423 1925 1506 ξυγχωρεῖτε
1963 1427 2047 1503 μη
2080 1425 2462 1491 παντάπασιν
2490 1428 2652 1502 ἡμᾶς

623 1544 814 1625 εὐχὰς
874 1542 1145 1625 εἰρηκέναι
1155 1592 1174 1621 ,
1240 1544 1408 1609 ἀλλὰ
1467 1542 1728 1624 χαλεποὶ
1776 1543 1918 1622 μὲν,
1976 1543 2196 1607 δυνατοὶ
2243 1544 2336 1620 δές
2389 1544 2654 1608 Videtur

622 1671 828 1727 tamen
876 1662 993 1726 hoc
1039 1663 1175 1725 loco
1222 1684 1347 1726 non
1394 1662 1550 1725 serio
1596 1662 1686 1725 ita
1731 1662 1900 1746 loqui
1952 1663 2242 1747 scriptor,
2293 1662 2400 1726 sed
2447 1664 2653 1747 potius

622 1781 947 1845 flosculum
994 1782 1260 1845 inserere
1306 1780 1571 1845 voluisse
1617 1781 1879 1845 orationi
1898 1831 1916 1859 ,
1967 1804 2152 1865 quare
2195 1782 2400 1846 statim
2431 1804 2496 1845 se
2527 1804 2685 1860 corp

624 1900 770 1986 rigit
816 1900 1045 1964 addens
1091 1900 1277 1964 haec:
1327 1900 1476 1964 ἔστω
1523 1900 1590 1975 δὴ
1636 1898 1986 1966 παντάπασι
2031 1901 2139 1978 μὲν
2184 1902 2336 1982 εὐχή
2374 1926 2462 1973 τις
2481 1950 2499 1983 ,
2526 1900 2650 1965 απὸ

624 2021 745 2101 γὰρ
804 2021 935 2083 θεῶν
994 2022 1113 2100 χρη
1174 2020 1377 2084 πάντα
1440 2019 1762 2100 ἀρχόμενον
1820 2018 1912 2084 aie}
1974 2019 2170 2098 λέγειν
2227 2046 2295 2085 τε
2341 2019 2441 2085 καὶ
2488 2026 2646 2086 νοεῖν.

622 2138 737 2203 Est
797 2138 948 2203 haec
1007 2138 1206 2223 figura
1250 2138 1521 2217 διόρθωσις
1576 2144 1789 2202 vocata
1837 2138 1898 2203 in
1943 2138 2292 2217 rhetoriciS,
2359 2161 2484 2223 qua
2527 2138 2650 2204 dic-

624 2264 829 2323 torum
876 2280 1087 2321 sensus
1132 2258 1495 2321 immutatur
1506 2283 1525 2335 3
1573 2279 1716 2321 nam
1760 2258 1826 2321 in
1872 2257 2140 2322 dictione
2177 2260 2330 2340 εὐχῇ
2365 2258 2650 2339 προσέοικε

625 2399 742 2440 vox
788 2378 939 2456 εὐχὴ
1003 2376 1305 2461 significat
1368 2375 1530 2459 quod
1579 2384 1789 2460 optare
1852 2377 1950 2441 vix
2004 2376 2227 2441 audeas
2243 2426 2261 2455 ,
2317 2378 2648 2463 posteriore

625 2496 761 2560 loco
830 2495 1075 2581 proprie
1142 2496 1414 2581 positum
1484 2502 1576 2559 est
1648 2494 1723 2559 de
1785 2496 2066 2580 precibus
2129 2520 2196 2561 ac
2265 2497 2423 2560 votis
2491 2520 2648 2582 quae

627 2615 746 2680 diis
806 2614 1062 2677 facimus
1077 2663 1096 2691 ,
1168 2620 1241 2677 ut
1306 2613 1566 2698 inceptis
1634 2612 1894 2678 faveant.
1987 2612 2299 2678 Sententia
2368 2636 2648 2699 expressa

628 2758 661 2799 e
720 2733 1001 2810 Timaeo,
1072 2756 1133 2818 p.
1196 2734 1279 2795 48
1350 2730 1450 2796 D:
1527 2734 1646 2797 θεὸν
1715 2733 1781 2808 δη
1850 2732 1948 2797 καὶ
2014 2740 2109 2799 νῦν
2174 2736 2268 2797 ἐπ’
2313 2736 2474 2815 ἀρχῇ
2533 2741 2644 2799 τῶν

626 2852 953 2929 λεγομένων
973 2902 989 2918 .
1014 2902 1027 2916 .
1050 2900 1065 2915 .
1106 2850 1592 2928 ἐπικαλεσάμενοι
1629 2850 1808 2915 πάλιν
1844 2852 2166 2931 ἀρχώμεθα
2209 2851 2422 2930 λέγειν.
2472 2851 2644 2917 Idem
2720 2851 2730 2861 ⁸

626 2977 1015 3056 praeceperat
1060 2977 1239 3033 antea
1290 2968 1439 3035 ibid.
1488 2992 1549 3055 p.
1600 2972 1679 3036 27
1731 2968 1801 3033 C.
1885 2969 2075 3034 Porro
2122 2970 2325 3036 addit:
2372 2972 2643 3047 ἐπιτελης

625 3088 673 3151 δ’
710 3087 794 3163 εἴη
842 3090 899 3171 (ἧ
938 3090 1113 3174 εὖχη)
1162 3088 1525 3165 σημαίνουσα
1573 3092 1714 3167 ἡμῖν
1755 3088 1961 3153 τοιόνδε
2005 3090 2136 3155 τινα
2179 3090 2375 3166 λόγον.
2465 3093 2642 3171 Εὐχη

625 3207 989 3285 σημαίνουσα
1048 3206 1223 3285 λόγον
1286 3214 1377 3270 cst
1436 3207 1712 3291 quaesita
1766 3206 1987 3285 dictio,
2036 3208 2158 3271 imo
2217 3230 2358 3273 vero
2403 3208 2639 3294 inepta:

624 3326 884 3391 diciturt
934 3326 958 3388 ὁ
1004 3324 1178 3403 λόγος
1221 3326 1489 3403 σημαίνει
1534 3350 1592 3390 τι
1608 3374 1628 3403 ,
1684 3348 1863 3389 εονηιο
1909 3319 2143 3412 aliquia!
2179 3327 2436 3405 indicat,
2467 3328 2642 3410 &iyni-

605 3449 798 3529 fieat;
843 3445 947 3509 sed
994 3446 1145 3526 εὐχὴ
1192 3445 1457 3523 σημαίνει
1502 3445 1678 3521 λόγον
1720 3467 1846 3508 non
1872 3423 2102 3530 ⁴aptum
2149 3444 2331 3510 habet
2375 3469 2638 3511 sensum.

628 3565 811 3627 Amat
840 3568 1047 3627 noster
1085 3562 1439 3626 huiusmodi
1474 3563 1885 3647 periphrasin,
1936 3586 1985 3627 e.
2019 3586 2077 3647 g.
2128 3586 2186 3648 p.
2223 3566 2348 3628 355
2400 3566 2488 3628 A:
2537 3566 2642 3629 τίν’

624 3680 717 3749 οὖν
783 3684 850 3758 δή
877 3732 891 3747 .
921 3732 936 3747 .
964 3732 979 3747 .
1049 3681 1222 3760 λόγον
1292 3684 1688 3765 ἀποφαίνεται
1724 3732 1738 3746 .
1775 3733 1790 3747 .
1828 3733 1841 3747 .
1915 3687 1948 3759 η
2019 3684 2228 3755 Δίωνος
2295 3682 2638 3764 ξυμβουλής

624 3823 684 3887 p.
735 3803 899 3879 354,
949 3802 1038 3864 A:
1096 3800 1192 3865 καὶ
1239 3807 1335 3866 νῦν
1383 3801 1482 3864 δ’ὁ
1528 3804 1592 3878 γ’
1623 3803 1760 3879 ἐμὸς
1821 3802 1996 3879 λόγος
2056 3802 2128 3867 ἂν
2183 3802 2266 3877 εἴη
2312 3802 2641 3882 ξύμβουλος

624 3918 873 3999 τυροὶννῳ
919 3920 1103 3984 παντί
1124 3967 1141 3983 .
1183 3918 1408 3983 ibidem
1455 3918 1538 3982 C:
1589 3918 1616 3985 ὃ
1662 3921 1727 3995 δη
1772 3921 1868 3985 καὶ
1917 3924 2012 3987 νῦν
2056 3922 2227 3998 οὑμὸς
2272 3922 2442 3999 λόγος
2491 3927 2640 3989 πᾶσι

626 4037 1130 4119 παρακελεύεται,
1181 4043 1242 4101 et
1288 4038 1452 4102 alibi.

713 4156 1068 4240 Sequuntur
1129 4156 1306 4221 haec:
1370 4160 1465 4221 νῦν
1518 4162 1656 4235 ἡμῖν
1714 4158 1813 4223 καὶ
1874 4165 1991 4229 τοῖς
2052 4159 2343 4235 πολεμίοις
2390 4160 2600 4240 σχεδὸν
2620 4212 2636 4235 ,

623 4274 689 4353 ἐξ
734 4272 904 4357 οὗπερ
950 4275 1188 4355 γέγονεν
1216 4277 1243 4341 ὂ
1268 4274 1521 4353 πόλεμος
1540 4328 1557 4351 ,
1583 4276 1902 4354 ξυγγενεία
1931 4274 2102 4359 ἄρχει
2133 4278 2248 4357 μία
2277 4278 2372 4345 δια
2402 4280 2600 4351 τέλους
2617 4329 2637 4358 ,
