3092 5084
1369 485 1449 548 63

407 695 550 776 (331
607 695 724 778 A):
773 691 912 758 ὅταν
956 692 1044 764 τίς
1090 715 1185 770 μοι
1229 689 1703 768 ξυμβουλεύητουι
1750 690 1879 772 περί
1920 715 2065 762 τινος
2109 697 2221 756 τῶν
2253 691 2423 768 μεγί-

408 835 584 889 στων,
614 860 629 875 .
660 859 674 874 .
704 859 719 874 .
767 807 874 876 οἷον
919 810 1044 890 περὶ
1092 808 1487 889 χρημάτων
1511 809 1765 884 κτήσεως
1798 809 1831 884 ἢ
1864 807 1989 890 περὶ
2034 808 2419 886 σώματοςῆ

407 938 655 1011 ψυχῆς
709 929 1063 1006 ἐπιμελείας.
1114 927 1504 991 Hermannus
1543 927 1747 992 locum
1787 950 1997 992 sanare
2036 935 2291 992 conatus
2330 933 2421 990 est

409 1049 496 1112 sic
533 1047 821 1133 legendo:
868 1048 1026 1125 λέγω
1065 1047 1131 1121 δὴ
1168 1047 1297 1111 τάδ’
1327 1047 1472 1124 ἐγὼ,
1507 1047 1605 1110 τὸν
1633 1044 2113 1135 ξυμβουλεύοντα
2140 1097 2153 1110 .
2181 1097 2196 1111 .
2227 1097 2241 1112 .
2283 1046 2419 1125 πρὸς

411 1167 634 1245 ὑγιείαν
679 1163 764 1232 ὅτι
808 1169 924 1247 χρὴ
969 1167 1089 1231 κτὲ.
1160 1165 1385 1230 Parum
1429 1170 1589 1228 reete
1602 1215 1621 1242 ,
1673 1165 1889 1249 opinor
1898 1191 1917 1242 3
1966 1171 2127 1228 certe
2163 1165 2321 1241 λέγω
2354 1165 2421 1239 δὴ

372 1310 377 1315 ·
410 1285 552 1352 τάδε
598 1291 742 1349 sunt
785 1284 970 1349 verba
1007 1305 1162 1367 quae
1194 1283 1535 1369 praefatum
1583 1283 1943 1374 sententiam
1975 1281 2173 1348 dicere
2196 1281 2421 1367 'incipit
2454 1313 2457 1316 ·

412 1426 448 1467 a.
508 1404 689 1468 verbo
750 1405 928 1480 Ἐγώ.
1020 1401 1238 1466 Cetera
1295 1402 1446 1465 vitia
1491 1402 1616 1464 sive
1660 1402 1725 1464 in
1772 1402 1983 1465 ordine
2030 1409 2090 1465 et
2128 1403 2423 1486 junctura
2531 1455 2549 1477 ,

412 1523 535 1586 sive
578 1523 645 1585 in
689 1522 886 1586 verbis
932 1521 1230 1585 eiusmodi
1275 1528 1421 1584 sunt
1436 1570 1454 1597 ,
1503 1527 1576 1584 ut
1620 1521 1824 1604 potius
1857 1542 2075 1605 pravae
2106 1519 2421 1583 sedulitati

411 1663 596 1725 quam
665 1641 934 1704 incuriae
993 1639 1318 1704 tribuenda
1379 1640 1520 1702 sint.
1614 1645 1839 1719 Πρῶτον
1896 1641 2003 1712 μὲν
2057 1661 2184 1703 11011
2238 1639 2425 1708 habet

411 1759 662 1839 δεύτερον
710 1758 877 1842 quod
922 1757 1050 1844 ipsi
1089 1758 1489 1842 respondeat3
1539 1758 1720 1823 scribi
1766 1751 2040 1842 oportuit
2072 1763 2287 1839 πρῶτον
2317 1759 2423 1835 μὲν

416 1879 588 1944 αὐτὸν
625 1855 1035 1956 μεταβάλλειν
1079 1878 1176 1941 τὸν
1218 1877 1400 1955 βίον.
1430 1927 1444 1940 .
1473 1927 1488 1940 .
1537 1875 1669 1941 εἷτοι
1700 1872 1909 1942 τοῖλλοο
1953 1879 2053 1952 ἤδη
2101 1883 2418 1956 παραινεῖν.

415 1995 624 2060 Simile
695 2005 787 2060 est
835 1997 900 2061 τὸ
950 2002 1166 2078 πρῶτον
1215 1995 1386 2080 quod
1433 2019 1617 2082 supra
1662 1996 1889 2080 legitur
1933 2021 1993 2082 p.
2044 1998 2172 2059 328
2219 1994 2314 2073 1),
2364 2001 2425 2057 et

414 2117 572 2179 infra
632 2141 692 2201 p.
743 2119 868 2180 331
919 2116 996 2178 D.
1083 2115 1240 2195 Quis
1289 2138 1466 2201 porro
1529 2138 1654 2180 non
1723 2115 2147 2179 animadvertit
2209 2135 2419 2177 anaco-

413 2234 634 2298 luthon
666 2235 750 2312 μῆ
783 2234 1023 2300 ἐθέλοντι
1070 2235 1128 2299 δὲ
1145 2285 1163 2318 ,
1212 2234 1378 2317 quod
1426 2234 1651 2320 pendet
1696 2235 1770 2298 ab
1815 2233 2128 2298 intellecto
2175 2235 2235 2297 οὐ
2284 2239 2424 2312 χρῆ-

415 2377 505 2416 νοιι
569 2361 899 2430 ποοροιινεῑνς
969 2353 1074 2416 sed
1115 2353 1386 2437 'scriptor
1439 2375 1631 2436 quum
1695 2352 2014 2438 subjungit
2076 2351 2257 2415 verba
2324 2351 2422 2415 καὶ

415 2475 510 2536 τὸν
556 2471 860 2553 §esayam-x
912 2472 1030 2536 ἀπὸ
1081 2474 1202 2537 κτὲ.
1256 2473 1520 2536 mutavit
1577 2470 1867 2536 orationis
1914 2470 2207 2535 ordinem.
2272 2469 2426 2533 Rur-

415 2613 518 2654 sus
579 2591 644 2654 in
703 2597 993 2674 sequente
1054 2590 1401 2653 enuntiato:
1463 2591 1677 2655 τοιύτὸν
1723 2591 1789 2664 δὴ
1842 2591 1939 2654 xx)
1981 2589 2145 2652 πόλει
2193 2637 2207 2652 .
2252 2636 2267 2652 .
2313 2637 2327 2652 .
2378 2589 2425 2652 εἰ

416 2710 524 2786 μὲν
577 2709 1024 2786 ξυμβουλεύοιτο
1069 2759 1082 2772 .
1111 2757 1125 2772 .
1157 2758 1170 2771 .
1220 2716 1338 2780 τοῖς
1384 2711 1650 2780 τοιούτοις
1696 2707 2112 2786 ξυμβουλεύειν
2131 2757 2150 2784 ,
2212 2706 2443 2791 incipit

417 2849 452 2889 a
511 2849 657 2890 voce
719 2827 918 2904 πόλει,
980 2827 1080 2890 eui
1127 2826 1346 2890 deinde
1392 2826 1716 2891 substituit
1760 2833 1877 2898 τοῖς
1921 2825 2207 2897 τοιούτοις.
2276 2823 2429 2887 Pro·

417 2944 595 3007 ximis
643 2945 838 3009 verbis
882 2953 1000 3016 τοῖς
1046 2943 1214 3021 δ’ἔξω
1261 2947 1326 3009 τὸ
1373 2945 1659 3024 παράπαν
1704 2945 1967 3023 βαίνουσι
1998 2952 2102 3016 τῆς
2140 2945 2294 3024 ὀρθῆς
2328 2967 2425 3006 πο-

417 3064 641 3134 λιτείοις
701 3086 892 3148 quum
939 3065 1331 3150 subjungitur
1383 3066 1480 3128 τὸν
1526 3072 1633 3141 μὲν
1680 3063 2035 3141 ὑπομένοντα
2080 3062 2426 3140 ξυμβουλοῖς

419 3182 694 3254 τοιοιύτοις
753 3185 999 3260 ἡγοίμην
1055 3181 1126 3246 ἄν
1173 3181 1469 3262 ἄνανδρον,
1518 3203 1589 3246 eo
1635 3182 1705 3245 fit
1750 3190 1821 3245 ut
1868 3181 2111 3244 dativus
2156 3188 2273 3252 τοῖς
2318 3179 2425 3255 ἔξω

419 3301 680 3379 βαίνουσι
704 3323 829 3365 11011
853 3302 1072 3366 habeat
1104 3323 1227 3385 quo
1257 3301 1553 3365 referatur
1567 3327 1586 3379 3
1620 3307 1856 3364 mutata
1879 3307 1971 3364 est
1993 3322 2206 3363 rursus
2232 3299 2427 3363 oratio

420 3443 558 3506 pro:
598 3430 715 3493 τοῖς
754 3420 800 3484 δ’
821 3419 926 3496 ἔξω
971 3421 1230 3498 βοιίνουσι
1261 3457 1352 3471 --
1393 3421 1490 3484 τὸν
1527 3420 1634 3499 μὲν
1666 3419 2143 3497 ξυμβουλεύοντα
2176 3417 2421 3495 ἡγοίμην

419 3541 491 3606 ἂν
536 3541 820 3621 ἄνανδρον.
884 3539 1260 3604 Huiusmodi
1297 3539 1665 3603 anacolutha
1694 3547 1765 3602 ut
1811 3539 2054 3622 singula
2104 3537 2247 3600 ferri
2293 3557 2427 3620 pos-

421 3666 592 3748 sunt,
639 3660 726 3723 ita
771 3660 1084 3724 cumulata
1125 3660 1384 3724 molesta
1423 3667 1569 3723 sunt
1616 3657 2002 3740 6111111113111
2044 3664 2228 3739 atque
2258 3655 2427 3718 hian-

420 3786 544 3842 tem
596 3777 864 3842 reddunt
931 3779 1282 3843 orationem.
1376 3777 1494 3841 Sed
1543 3777 1781 3857 omissis
1844 3775 1978 3842 aliis
2027 3798 2183 3859 quae
2230 3782 2424 3838 atten-

417 3906 550 3961 tum
596 3898 882 3961 lectorem
927 3919 1048 3961 non
1095 3898 1366 3982 fugient,
1417 3896 1732 3960 ostendam
1778 3917 1901 3978 qua
1944 3894 2179 3958 ratione
2245 3900 2305 3956 et
2362 3894 2425 3956 in

422 4016 644 4099 quibus
689 4014 1008 4078 Platonem
1051 4016 1326 4079 imitatus
1374 4015 1472 4078 sit.

509 4133 836 4219 Comparat
879 4133 1135 4219 scriptor
1179 4134 1589 4198 consultorem
1632 4155 1772 4196 eum
1803 4131 2038 4196 medico
2052 4180 2071 4208 ‚
2120 4128 2425 4193 civitatem

420 4254 574 4317 male
603 4260 898 4318 moratam
929 4275 1068 4316 eum
1101 4262 1362 4338 aegroto,
1409 4252 1796 4338 Comparatio
1828 4251 2107 4334 frequens
2142 4257 2231 4312 est
2262 4247 2424 4333 apud
