3092 5084
1598 483 1720 543 198

644 699 835 754 strare
867 699 1006 754 ποῖα
1036 691 1210 761 ποίοις
1242 689 1575 771 ξυμφωνεῖ,
1603 689 1701 752 καὶ
1729 691 1847 752 ποῖ’
1875 689 2122 763 ἄλληλα
2145 692 2206 753 οὐ
2230 689 2500 769 δέχεται,
2531 690 2588 757 h.
2607 713 2659 754 e.

645 833 803 894 quae
864 810 943 874 sit
988 831 1279 894 generum
1326 815 1388 872 et
1433 809 1758 872 notionum
1803 807 1962 871 inter
2008 831 2070 871 se
2117 809 2538 872 convenientia
2603 817 2664 873 et

646 930 1005 995 differentia.
1097 928 1187 993 Ut
1246 929 1455 1014 paucis
1503 928 1697 992 dicam
1718 977 1737 1004 ,
1787 926 2142 991 dialect-icus
2189 934 2282 991 est
2327 929 2658 993 secundum

646 1047 965 1113 Platonem
1028 1048 1135 1132 qui
1195 1047 1395 1113 valeat
1454 1047 1599 1124 μίαν
1678 1046 1830 1110 ἰδέαν
1892 1045 1986 1110 δια
2045 1052 2273 1112 πολλῶν
2339 1047 2664 1126 τεταμένην

648 1176 709 1232 et
762 1173 974 1232 contra
1019 1166 1249 1237 πολλὰς
1295 1165 1404 1230 ὑπὸ
1449 1169 1595 1241 μιάς
1644 1163 2063 1244 περιεχομένας
2111 1164 2378 1229 dilucide
2423 1187 2664 1230 cernere

648 1287 857 1373 (Soph.
907 1310 966 1373 p.
1016 1288 1145 1350 253
1193 1285 1438 1368 B—D).
1500 1283 1676 1349 Idem
1711 1290 2142 1368 argumentum
2173 1284 2444 1348 declarat
2473 1307 2665 1349 exem-

645 1405 747 1488 plo
806 1411 909 1472 τοῦ
968 1404 1197 1479 ἀγαθοῦ
1258 1403 1383 1467 sive
1426 1403 1600 1467 ideae
1645 1403 1825 1478 boni,
1888 1403 1964 1466 de
2009 1401 2160 1487 Rep.
2208 1401 2339 1466 VII
2383 1427 2446 1488 p.
2497 1407 2660 1481 534,

645 1521 811 1586 unde
856 1521 1005 1584 haec
1052 1543 1368 1605 excerpere
1412 1519 1620 1585 lubet:
1670 1519 1728 1592 ὃς
1776 1520 1848 1585 ἂν
1895 1523 1978 1597 μὴ
2033 1521 2145 1602 ἔχῃ
2197 1521 2538 1602 διορίσασθαι
2583 1525 2664 1602 τῷ

645 1639 804 1719 λόγῳ
849 1639 946 1703 καὶ
995 1643 1107 1704 τῶν
1150 1635 1352 1703 ἀλλων
1398 1638 1634 1703 πάντων
1673 1639 1912 1718 ἀφελὼν
1951 1641 2056 1712 τὴν
2093 1644 2193 1704 τοῦ
2231 1641 2458 1717 ἀγαθοῦ
2482 1639 2661 1721 ἰδέαν,

648 1758 747 1821 καὶ
808 1755 994 1835 ὥσπερ
1054 1758 1113 1820 ἐν
1158 1755 1335 1837 μάχῃ
1396 1758 1493 1822 διὰ
1538 1755 1770 1821 mim-ccv
1816 1757 2085 1836 ἐλέγχων
2145 1756 2352 1834 διεξιὼν
2413 1760 2469 1822 ἐν
2516 1763 2664 1823 πᾶσι

648 1877 865 1946 τούτοις
926 1877 1159 1940 ἀπτῶτι
1227 1880 1307 1956 τῷ
1376 1875 1535 1956 λόγῳ
1605 1875 2039 1958 διαπορεύηται,
2109 1877 2222 1941 οὐδ’
2277 1880 2421 1942 αὐτὸ
2466 1880 2667 1955 τάγα-

647 1994 736 2060 θὸν
765 1996 974 2076 Φήσεις
1005 1995 1207 2059 εἰδέναι
1226 2045 1242 2076 ,
1266 2045 1280 2060 .
1305 2045 1318 2060 .
1343 2047 1356 2060 .
1405 1997 1581 2073 ἀλλ’,
1635 1995 1689 2059 εἴ
1729 2019 1810 2076 πῃ
1855 1995 2078 2059 εἰδώλου
2109 1996 2256 2067 τινὸς
2288 1996 2663 2078 ἐφάπτεται,

652 2111 783 2193 δόξῃ
830 2114 929 2176 οὐκ
974 2113 1269 2191 ἐπιστήμῃ
1313 2111 1702 2192 ε’φάπτεσθαι.
1747 2111 1787 2175 J
1789 2135 1886 2176 am
1931 2135 2073 2176 vero
2097 2112 2442 2178 dialectices
2474 2137 2629 2199 opus
2647 2164 2664 2192 ‚

650 2230 818 2315 quod
876 2229 1214 2294 secundum
1277 2229 1596 2295 Platonem
1660 2239 1752 2294 est
1812 2233 1878 2295 τὸ
1924 2231 2149 2312 διαιρεῖν
2195 2233 2355 2296 κατά
2399 2233 2538 2309 γένη
2583 2235 2666 2299 τά

648 2348 786 2414 ὄντα
804 2398 818 2412 .
867 2370 903 2411 a
947 2354 1157 2412 nostro
1203 2347 1466 2414 habetur
1510 2350 1578 2413 τὸ
1622 2350 1702 2414 τοὶ
1748 2351 2009 2430 τέτταρα
2056 2349 2257 2432 (ὄνομα
2274 2401 2290 2432 ,
2340 2351 2544 2430 λόγον,
2592 2351 2669 2416 εἵ-

648 2469 829 2552 δωλα)
876 2467 1249 2548 διαῤῥίπτειν,
1297 2467 1425 2545 vel,
1475 2477 1548 2531 ut
1594 2468 1656 2531 in
1704 2489 1836 2552 sqq.
1884 2467 2034 2532 dicit
2052 2519 2069 2546 ‚
2116 2469 2334 2549 τρίβειν
2377 2475 2514 2549 πρὸς
2561 2468 2668 2535 ἀλ-

648 2600 810 2661 ληλα
854 2589 1044 2650 αὐτῶν
1090 2583 1348 2662 ἕκαστα,
1399 2586 1664 2664 ὀνόματα
1709 2585 1807 2650 καὶ
1854 2585 2064 2662 λόγους
2082 2636 2100 2662 ,
2149 2586 2307 2667 Maste
2337 2571 2664 2664 καὶάἶσθή-

649 2727 771 2774 σεις
792 2755 810 2779 ,
863 2704 979 2768 hoc
1025 2711 1119 2767 est
1150 2703 1347 2768 verbis
1379 2710 1438 2768 et
1470 2703 1931 2769 definitionibus
1963 2712 2025 2768 et
2054 2706 2342 2789 exemplis
2373 2715 2665 2790 tanquam

655 2820 909 2885 calculis
956 2821 1201 2899 ludere,
1258 2821 1456 2905 iisque
1503 2821 1914 2885 adversarium
1946 2821 2186 2922 fallere:
2237 2823 2404 2907 quod
2451 2824 2525 2888 ab
2558 2824 2664 2889 illo

652 2946 897 3003 tantum
946 2938 1151 3002 differt
1198 2946 1497 3021 quantum
1526 2940 1866 3015 ἀντιλογικὴ
1891 2939 2092 3004 differt
2124 2963 2158 3004 a
2181 2940 2542 3024 διαλεκτικῇ,
2578 2965 2669 3006 so-

650 3057 856 3143 phista
901 3079 937 3120 a
978 3055 1366 3141 philosopho·
1439 3055 1852 3142 Philosophus
1871 3106 1888 3134 ‚
1937 3057 2274 3123 secundum
2315 3059 2663 3139 Platonem,

652 3148 928 3239 versatur
971 3175 1037 3239 in
1082 3174 1437 3260 cognitione
1482 3181 1594 3240 τῶν
1628 3173 1798 3240 ὄντων
1816 3227 1834 3251 ,
1867 3198 2023 3260 quae
2054 3177 2184 3241 sola
2211 3185 2376 3242 certa
2405 3187 2468 3243 et
2497 3181 2668 3244 firma

651 3302 798 3358 sunt
814 3343 832 3370 ‚
901 3315 1162 3378 quorum
1226 3303 1509 3358 naturam
1569 3301 1630 3358 et
1692 3295 1810 3358 vim
1873 3295 2278 3380 comparando
2341 3307 2403 3360 et
2449 3298 2666 3363 discer-

651 3412 851 3476 nendo
892 3431 1251 3496 cognoscere
1282 3402 1491 3477 studet
1503 3437 1523 3490 ;
1558 3411 1831 3496 sophista
1860 3412 2130 3476 elaborat
2159 3416 2419 3478 maxime
2442 3417 2505 3480 in
2538 3437 2662 3480 ver-

650 3530 745 3594 bis
806 3536 868 3593 et
926 3528 1417 3605 definitionibuS,
1479 3551 1638 3623 quae
1701 3530 1869 3594 fluxa
1911 3539 1973 3594 et
2014 3531 2248 3594 incerta
2292 3540 2438 3596 sunt
2483 3539 2545 3596 et
2589 3533 2665 3598 de

652 3647 875 3731 quibus
914 3647 1441 3733 epistolographus
1482 3648 1614 3733 ipse
1636 3656 1928 3712 testaturz
1961 3650 2154 3730 ,αύριος
2178 3649 2226 3713 δ’
2241 3647 2320 3714 αὖ
2340 3649 2515 3726 λόγος
2539 3651 2663 3731 περὶ

650 3765 894 3830 ἑκάστου
938 3771 1049 3829 τῶν
1084 3764 1375 3846 τεττάρων
1412 3769 1485 3837 ὥς
1508 3768 1764 3848 ἀσαφές.
1826 3767 1944 3831 His
1975 3767 2346 3832 adversarios
2377 3769 2574 3834 irretit
2605 3781 2666 3833 et

649 3884 711 3947 in
766 3884 1113 3967 ἀντολογίας
1162 3883 1402 3950 inducit
1434 3887 1475 3968 ¹)
1524 3885 1828 3969 efficitque
1845 3934 1862 3963 ‚
1911 3893 1985 3949 ut
2030 3885 2212 3949 Plato
2260 3884 2410 3951 dicit
2425 3937 2444 3965 ,
2476 3896 2665 3971 φανῆ-

721 4083 766 4139 l)
800 4081 878 4131 Cf.
912 4081 970 4130 dc
1004 4082 1121 4146 ch.
1162 4083 1231 4142 V,
1264 4098 1312 4147 p.
1346 4085 1445 4132 454
1480 4087 1548 4132 A:
1585 4087 1660 4135 διὰ
1693 4089 1749 4136 τὸ
1779 4091 1848 4150 μὴ
1883 4085 2095 4136 δύνασθαι
2130 4083 2236 4138 κατ’
2265 4087 2363 4143 εἴδη
2397 4088 2662 4156 διαιρούμε-

652 4196 713 4228 νοι
754 4181 811 4228 τὸ
856 4179 1093 4242 λεγόμενον
1139 4181 1421 4243 ἐπισκοπεῖν,
1457 4183 1576 4230 ἀλλὰ
1609 4177 1712 4232 κατ’
1748 4183 1860 4232 αὐτὸ
1890 4183 2087 4245 τοῦνομα
2121 4181 2288 4232 διώκειν
2319 4189 2400 4232 τοῦ
2431 4181 2661 4248 λεχθέντος

652 4280 733 4333 τὴν
764 4279 1022 4326 hanimo.
