3092 5084
1576 470 1660 530 62

610 679 707 743 τὸν
744 679 870 755 βίον
907 678 1004 742 καὶ
1045 677 1286 742 ἐθέλοντι
1323 676 1430 750 μὲν
1469 676 1757 763 πείθεσθαι
1794 675 1891 740 καὶ
1931 669 2138 740 τᾶλλα
2160 674 2261 751 ἤδη
2286 685 2582 762 παραινεῖν
2598 725 2615 756 ,

611 800 696 874 μὴ
754 795 995 862 ἐθέλοντι
1056 796 1115 859 δὲ
1174 794 1476 876 φεύγοντα
1535 793 1655 858 οὶπὸ
1701 803 1805 869 τῆς
1842 801 1943 858 τοῦ
1989 793 2237 860 τοιούτου
2282 793 2623 872 ξυμβουλῆς

613 915 790 996 ἄνδρα
843 939 912 979 τε
966 915 1211 992 ἡγοίμην
1265 913 1337 979 ἂν
1381 914 1480 978 καὶ
1527 913 1773 992 ἰατρικὸν
1788 963 1805 984 ‚
1852 913 1949 976 τὸν
1993 912 2052 976 δὲ
2100 914 2455 991 ὑπομένοντα
2499 915 2624 977 τοῦ·

611 1035 829 1100 ναντίον
873 1031 1138 1113 ἄνανδρόν
1181 1059 1250 1098 τε
1292 1032 1393 1098 καὶ
1439 1031 1709 1113 ἄτεχνον.
1756 1033 1969 1098 ταύτὸν
2015 1033 2079 1108 δὴ
2126 1032 2224 1096 καὶ
2272 1033 2469 1108 πόλει,
2500 1031 2621 1098 εἴτε

611 1155 795 1228 αὐτῆς
841 1148 920 1224 εἷς
965 1151 1048 1227 εἴη
1093 1151 1272 1234 κύριος
1318 1150 1435 1216 εἴτε
1479 1152 1578 1217 καὶ
1626 1153 1889 1234 πλείους,
1938 1154 1987 1216 εἰ
2046 1153 2153 1228 μὲν
2197 1152 2361 1216 κατα
2410 1150 2615 1230 τρόπον

614 1273 738 1354 ὀρθῇ
801 1273 1168 1354 πορευομένης
1228 1273 1333 1353 ὁδῷ
1392 1279 1496 1346 τῆς
1558 1271 1859 1343 πολιτείοις
1916 1268 2369 1347 ξυμβουλεύοιτό
2412 1292 2467 1334 τι
2512 1275 2625 1334 τῶν

616 1389 979 1472 προσφόρων,
1042 1397 1163 1456 νοῦν
1215 1390 1447 1471 ἔχοντος
1508 1391 1575 1455 τὸ
1633 1396 1750 1461 τοῖς
1824 1389 2088 1460 τοιούτοις
2161 1387 2579 1465 ξυμβουλεύειν
2603 1437 2620 1458 ,

610 1517 727 1582 τοῖς
787 1510 845 1574 δε
908 1509 1016 1586 ἔξω
1077 1511 1142 1574 τὸ
1189 1511 1473 1590 παράπαν
1521 1509 1783 1585 βαίνουσι
1828 1517 1933 1582 τῆς
1978 1508 2131 1588 ὀρθῆς
2180 1507 2475 1576 πολιτείας
2521 1504 2619 1568 καὶ

613 1627 860 1706 μηδαμῆ
906 1616 1182 1693 ἐθέλουσιν
1229 1631 1410 1703 αὐτῆς
1447 1629 1527 1699 εἷς
1566 1625 1725 1707 ἴχνος
1764 1627 1933 1703 ἴέναι,
1972 1625 2408 1706 προαγορεύουσι
2446 1625 2505 1688 δὲ
2538 1626 2619 1704 τῷ

611 1744 928 1826 ξυμβούλῳ
979 1746 1081 1819 τὴν
1126 1747 1232 1822 μὲν
1279 1747 1575 1810 πολιτείαν
1621 1747 1723 1809 εὀἶν
1768 1745 1865 1808 καὶ
1912 1747 1996 1822 μὴ
2040 1751 2241 1820 κινεῖν,
2288 1746 2359 1815 ὡς
2406 1744 2621 1807 ἀποθα-

613 1863 854 1944 νουμένῳ
914 1865 1015 1928 εὀὶν
1071 1873 1193 1945 κινῇ
1212 1914 1228 1936 ,
1275 1871 1408 1936 ταῖς
1454 1863 1514 1928 δε
1558 1865 1867 1942 βουλήσεσι
1915 1863 2014 1927 καὶ
2060 1861 2385 1940 ἐπιθυμίαις
2432 1865 2621 1928 αὐτῶν

613 1981 1034 2061 ὑπηρετοῦντας
1090 1981 1506 2059 ξυμβουλεύειν
1562 1983 1885 2058 κελεύουσι,
1958 1982 2091 2045 τίνα
2130 1982 2331 2058 τρόπον
2376 1983 2623 2058 γίγνοιτ’

612 2098 684 2162 ἂν
745 2071 934 2182 ῥᾷστά
994 2125 1062 2164 τε
1121 2101 1219 2178 καὶ
1269 2101 1562 2180 ’τάχιστα
1622 2103 1700 2172 εἷς
1761 2101 1856 2164 τὸν
1914 2100 2001 2164 oze}
2064 2100 2259 2179 χρόνον
2278 2151 2295 2173 ‚
2358 2098 2453 2162 τὸν
2513 2100 2619 2174 μὲν

541 2195 546 2198 ¹
612 2215 970 2294 ὑπομένοντα
1028 2217 1372 2295 ξυμβουλας
1432 2217 1707 2288 τοιαύτας
1770 2217 2015 2295 ἡγοίμην
2059 2217 2129 2282 ἂν
2176 2218 2475 2298 ἄνανδρον,
2522 2216 2620 2281 τὸν

611 2337 659 2399 δ’
682 2339 796 2416 οὐχ
843 2336 1200 2412 ὑπομένοντα
1243 2335 1440 2416 ἄνδρα.

699 2454 1000 2540 Sapientis
1061 2456 1426 2519 consultoris
1489 2457 1646 2521 sicut
1706 2455 2023 2540 prudentis
2082 2455 2299 2519 medici
2354 2455 2616 2518 officium

611 2595 739 2638 esse
797 2575 980 2654 dicit,
1029 2574 1282 2638 consilia
1326 2574 1468 2638 dare
1514 2574 1871 2660 rogantibus
1918 2582 1979 2638 et
2023 2574 2275 2658 obsequi
2322 2575 2617 2660 cupienti-

609 2691 726 2755 bus
743 2719 760 2770 ς
811 2695 918 2776 qui
969 2715 1111 2756 vero
1159 2702 1447 2778 spernant
1501 2693 1736 2757 monita
1780 2693 1876 2756 vel
1921 2693 1997 2756 iis
2046 2715 2252 2778 parere
2298 2700 2614 2769 recusent,

610 2809 683 2873 ab
731 2809 988 2875 istorum
1035 2813 1347 2876 curatione
1393 2810 1809 2875 desistendum
1856 2832 2001 2874 esse.

696 2929 949 3014 Longus
1011 2953 1200 2994 essem
1263 2931 1315 2994 si
1360 2935 1571 2994 notare
1616 2930 1832 2994 vellem
1886 2930 2287 3014 negligentias
2305 2979 2323 3006 ,
2376 2929 2578 2992 sordes
2595 2979 2615 3008 ,

608 3047 756 3112 vitia
802 3048 1064 3133 denique
1111 3072 1267 3133 quae
1311 3050 1376 3113 in
1421 3051 1537 3113 hoc
1584 3050 1718 3114 loco
1763 3051 2013 3127 insunt,
2060 3069 2321 3134 quorum
2366 3056 2439 3113 ut
2468 3071 2614 3112 non-

607 3166 778 3230 nulla
839 3168 1051 3232 scribis
1113 3168 1472 3252 imputanda
1527 3169 1676 3246 sint,
1732 3168 2021 3253 pleraque
2073 3174 2277 3231 tamen
2333 3167 2610 3252 scriptori

608 3285 926 3350 debentur.
1005 3286 1328 3350 Manifeste
1375 3296 1733 3372 corruptum
1780 3293 1870 3350 est
1915 3288 2179 3352 initium.
2250 3289 2407 3363 Ἐγὼ
2454 3293 2616 3350 caret

609 3404 954 3488 praedicato
971 3455 988 3483 ‚
1037 3405 1195 3487 φημὶ
1241 3406 1336 3469 vel
1381 3403 1542 3482 οἶμαι
1557 3455 1576 3484 ,
1640 3406 1805 3489 quod
1852 3413 1960 3470 aut
2006 3405 2231 3473 excidit
2275 3414 2381 3469 aut
2426 3405 2611 3469 tacite

609 3523 1018 3608 supplendum
1079 3533 1170 3587 est
1231 3547 1261 3586 e
1322 3525 1629 3608 sequentis
1687 3524 1943 3589 membri
1999 3525 2177 3588 verbo
2225 3525 2472 3602 ἡγοίμην
2513 3522 2607 3589 ἄν.

609 3641 788 3705 Prius
818 3641 1132 3727 probabile
1179 3643 1430 3728 opinor3
1474 3642 1759 3706 facillime
1792 3643 2127 3727 corrigatur
2156 3637 2403 3723 ἐγῷμαι.
2453 3642 2612 3707 Dein

607 3759 788 3823 verba
819 3759 968 3824 ἄλλο
1006 3785 1062 3824 τι
1093 3762 1208 3840 χρὴ
1255 3761 1420 3824 omni
1465 3783 1648 3824 sensu
1694 3768 1917 3824 carent.
1967 3759 2265 3824 Mendum
2296 3760 2382 3824 sic
2414 3783 2611 3824 emen-

606 3877 878 3941 dandum
925 3887 1111 3962 puto:
1155 3879 1362 3954 ἢᾶλλο
1386 3903 1442 3944 τι
1486 3889 1732 3961 χρῆναι,
1782 3887 1853 3943 ut
1898 3879 1996 3942 hic
2045 3880 2127 3943 sit
2172 3877 2357 3942 ordo:
2385 3873 2611 3960 ἐγῷμαι

603 3995 700 4059 τὸν
745 3993 931 4072 ξυμβ.
977 3995 1132 4074 οὶνδρὶ
1159 4044 1172 4058 .
1201 4044 1215 4058 .
1244 4044 1260 4058 .
1307 3996 1530 4060 δίαιταν
1578 3997 1746 4060 διαιτ.
1795 3996 2092 4076 μοχθηρὰν
2138 3996 2271 4075 πρὸς
2322 3997 2543 4074 ὑγιείαν
2576 3997 2608 4072 ἢ

605 4091 755 4176 οἳλλο
816 4136 908 4188 τι,
953 4123 1207 4194 χρῆναι.
1238 4163 1251 4177 .
1281 4158 1294 4178 .-
1344 4122 1655 4195 παραινεῖν.
1736 4113 1913 4179 Istud
1958 4114 2107 4178 ἄλλο
2152 4139 2208 4179 τι
2258 4121 2487 4198 spectet
2533 4115 2608 4179 ad

606 4233 874 4294 animum
923 4239 984 4294 et
1030 4232 1103 4294 ad
1135 4255 1261 4295 rem
1308 4232 1662 4296 familiarem
1680 4282 1697 4309 ,
1748 4240 1817 4296 ut
1863 4233 1926 4295 in
1973 4239 2261 4316 sequente
2294 4234 2609 4298 enuntiato
