3092 5084
1350 498 1427 559 73

380 697 456 772 οἷς
505 701 815 775 ξυνέπεται
859 708 970 766 τῶν
1016 701 1384 782 πραγμάτων
1430 704 1792 784 ἀνοσιουργία
1800 754 1819 787 ,
1868 705 2044 769 κακὸν
2087 704 2276 779 ἡλίκον
2299 702 2389 766 oze}

378 824 512 897 μετ’
549 821 905 897 ἀδικήματος
950 820 1195 887 ἕκαστον
1211 874 1231 896 ,
1263 818 1327 897 ἢν
1358 824 1680 898 αναγκαῖον
1712 826 1790 902 τῷ
1822 822 2159 898 ἀδικήσαντι
2182 828 2392 903 συνεφ-

380 937 564 1002 έλκειν
623 940 723 1003 ἐπί
778 963 845 1003 τε
903 950 989 1021 γῇ
1045 941 1412 1023 στρεφομένῳ
1456 940 1553 1003 καὶ
1605 940 1713 1004 ὑπὸ
1759 951 1867 1017 γῆς
1917 943 2254 1017 νοστήσαντι
2296 964 2395 1005 πο-

376 1058 532 1135 ρείαν
580 1056 789 1134 ἄτιμόν
834 1082 900 1122 τε
945 1057 1043 1123 καὶ
1091 1058 1282 1123 ἄθλιον
1328 1047 1560 1130 παντως
1609 1068 1916 1141 πανταχῆ.

470 1174 705 1239 Locum
764 1176 931 1241 hunc
991 1199 1119 1241 esse
1172 1201 1444 1263 pannum
1487 1161 1647 1243 male
1693 1177 1982 1243 adsutum
2027 1178 2248 1263 cuique
2293 1202 2392 1263 ap-

376 1293 649 1377 parebit,
700 1295 808 1378 qui
844 1295 1060 1360 seriem
1091 1296 1532 1380 cogitationum
1566 1297 1910 1361 attenderit.
1973 1297 2352 1381 „Dionysius
2369 1346 2388 1375 ,

377 1412 573 1489 dixit,
637 1413 899 1497 turpiter
957 1414 1140 1492 vivit,
1214 1414 1333 1478 Dio
1393 1415 1605 1500 pulcre
1664 1423 1944 1480 mortuus
1991 1428 2116 1493 est,
2165 1416 2391 1501 quippe

378 1530 637 1594 honesta
680 1532 873 1596 facere
920 1533 1233 1597 studenS.”
1323 1533 1439 1598 His
1486 1532 1897 1599 alinectuntur
1943 1536 2260 1618 sequentia
2286 1557 2394 1619 per

376 1649 744 1733 particulam
768 1650 885 1730 γαρ
918 1651 1071 1734 (οὔτε
1100 1652 1217 1730 γὰρ
1250 1650 1508 1735 πέφυκεν
1530 1652 1840 1736 ἀθάνατος)
1858 1703 1877 1731 ,
1907 1654 2081 1737 quasi
2105 1675 2196 1730 e0,
2224 1652 2391 1736 quod

377 1767 689 1853 improbos
739 1776 876 1853 post
928 1776 1181 1834 mortem
1227 1770 1523 1855 supplicia
1569 1778 1844 1849 manent,
1893 1772 2184 1856 probetur
2230 1779 2392 1835 ante-

378 1885 637 1963 cedenS,
684 1886 944 1951 Dionem
990 1888 1201 1972 pulcre
1245 1894 1557 1952 mortuum
1605 1910 1753 1952 esse.
1826 1888 1903 1953 In
1947 1890 2022 1953 iis
2062 1912 2200 1953 vero
2234 1910 2391 1972 quae

378 2003 631 2088 subjicit
678 2005 752 2069 de
796 2006 1126 2071 inferorum
1172 2008 1382 2092 poenis
1398 2057 1417 2085 ,
1465 2008 1782 2072 manifeste
1823 2008 2098 2072 Platonis
2129 2009 2392 2072 imitato-

380 2144 513 2185 rem
558 2146 623 2185 se
668 2124 952 2188 ostendit.
1001 2124 1161 2189 Nam
1206 2148 1331 2189 non
1376 2125 1576 2190 solum
1622 2128 1825 2190 omnia
1866 2150 1935 2190 ea
1967 2149 2120 2211 quae
2161 2127 2237 2191 de
2268 2128 2393 2189 ani-

381 2263 623 2305 marum
684 2242 1029 2307 conditione
1089 2251 1229 2328 post
1289 2251 1579 2323 mortem,
1637 2243 1712 2309 de
1752 2244 1984 2331 judicio
2029 2246 2094 2309 in
2146 2246 2387 2323 inferis»,

382 2357 458 2423 de
506 2359 785 2424 bonorun
830 2362 1110 2446 praemiis
1156 2362 1307 2427 dicit
1321 2412 1340 2441 ,
1374 2386 1407 2427 e
1435 2363 1710 2427 Platonis
1743 2363 1999 2448 dialogis
2017 2413 2035 2442 ‚
2068 2365 2389 2449 praecipue

382 2478 646 2564 Gorgia,
696 2482 1057 2546 concinnata
1101 2495 1279 2560 sunt,
1329 2484 1434 2547 sed
1481 2485 1664 2548 etiam
1709 2507 1875 2549 more
1919 2484 2194 2548 Platonis
2234 2484 2389 2547 hanc

382 2596 864 2681 disputationem
906 2600 1212 2664 connectit
1242 2622 1379 2664 cum
1412 2610 1686 2673 παλαιοῖς
1717 2601 1911 2678 λόγοις
1943 2608 2003 2667 et
2032 2602 2356 2682 ἀποῤῥήτοις
2369 2653 2388 2684 ,

382 2723 459 2779 ut
502 2716 567 2779 in
612 2716 839 2781 Phaed.
888 2742 947 2803 p.
1001 2720 1078 2783 70
1130 2718 1213 2781 C:
1262 2720 1516 2791 παλαιός
1569 2720 1698 2785 ἐστι’
1738 2744 1826 2791 τις
1872 2720 2045 2797 λόγος
2090 2717 2282 2795 οὗτος,
2304 2716 2392 2789 ,οὗ

383 2835 735 2911 μεμνήμεθα
780 2837 899 2900 κτὲ.
948 2834 1022 2900 cf.
1069 2836 1216 2901 ibid.
1266 2860 1324 2921 p.
1378 2840 1457 2899 62
1506 2838 1580 2901 B.
1672 2838 1830 2901 Tum
1877 2837 2042 2921 quod
2088 2838 2388 2914 inculcat,

385 2976 517 3016 esse
560 2954 916 3034 σμικρότερον
962 2955 1135 3019 κακὸν
1180 2956 1439 3037 πάσχειν
1494 2956 1526 3031 ἢ
1575 2957 1779 3037 δρᾶσαι
1825 2956 1998 3021 ἄδικα
2017 3010 2035 3033 ,
2082 2957 2242 3021 idem
2291 2955 2394 3019 do-

386 3079 559 3136 cetur
604 3094 640 3135 a
683 3072 971 3151 Platone,
1022 3080 1084 3137 at
1127 3096 1251 3137 non
1300 3097 1431 3138 eam
1476 3075 1554 3139 ob
1601 3096 1845 3139 causam
1863 3123 1881 3152 ,
1931 3097 2111 3159 quam
2162 3074 2260 3138 hic
2308 3074 2394 3137 di-

287 3243 305 3260 „
388 3189 507 3265 cit,
556 3188 720 3273 quod
767 3212 981 3275 nempe
1020 3190 1257 3275 judices
1304 3192 1363 3254 in
1405 3191 1612 3258 inferis
1643 3193 1868 3276 injuste
1899 3192 2058 3256 facta
2087 3192 2387 3277 puniunt,

388 3306 494 3371 sed
541 3308 707 3391 quod
749 3308 1053 3393 injustitia
1094 3309 1228 3394 ipsa
1273 3310 1489 3373 animo
1519 3310 1800 3375 morbum
1847 3319 1908 3374 et
1949 3311 2275 3397 perniciem
2307 3312 2390 3374 af-

388 3426 523 3488 fert.
574 3424 716 3489 Vid.
766 3424 943 3490 Plato
989 3427 1066 3491 de
1112 3426 1261 3512 Rep.
1311 3427 1379 3505 I,
1429 3452 1485 3513 p.
1540 3430 1689 3491 345.
1738 3428 1834 3505 X,
1883 3451 1941 3513 p.
1979 3430 2126 3493 610.
2161 3427 2392 3491 Criton.

390 3569 449 3629 p.
498 3547 579 3608 47
630 3544 707 3608 D.

480 3663 887 3727 Attendamus
932 3687 1073 3729 vero
1119 3665 1377 3748 singula.
1470 3666 1744 3730 Primum
1791 3656 2172 3731 enuntiatum
2219 3667 2393 3730 κακὸν

390 3782 507 3861 γαρ
545 3782 643 3845 καὶ
681 3782 904 3859 ἀγαθὸν
940 3784 1060 3849 κτὲ.
1086 3784 1411 3848 obscurum
1437 3793 1546 3848 est.
1589 3784 1804 3848 Voluit
1825 3785 2023 3850 dicere
2045 3785 2194 3848 hoc:
2220 3786 2395 3849 κακὸν

394 3899 493 3963 καὶ
540 3900 762 3977 αἰγαθὸν
805 3901 956 3965 οὐδὲν
1001 3901 1177 3978 λόγου
1226 3901 1383 3978 ἄξιόν
1428 3904 1581 3967 ἐστιν
1637 3905 1777 3967 αλλ’
1823 3905 1856 3979 ἢ
1914 3914 1986 3985 τῇ
2019 3910 2194 3983 ψυχῇ
2211 3951 2229 3980 ,
2269 3904 2394 3966 nul-
2477 3934 2483 3939 ’

391 4185 711 4245 περαινομένην
753 4195 790 4227 s.
850 4186 1112 4245 γιγνομένην
1153 4188 1221 4245 τῷ
1267 4180 1362 4241 (διὰ
1407 4186 1501 4239 τοῦ)
1549 4186 1617 4243 μὴ
1662 4183 1970 4244 πίμπλασθαι.
2038 4180 2079 4228 Ε
2123 4180 2395 4244 conjectura

394 4275 556 4339 scripsi
588 4280 643 4326 τὸ
664 4281 732 4341 μὴ
765 4279 935 4342 πίμπλ.
972 4276 1095 4325 unde
1132 4275 1343 4325 nascit-ur
1377 4276 1671 4325 constructio
1706 4291 1848 4339 quam
1881 4276 2004 4325 infra
2037 4276 2173 4326 dabo.
2265 4316 2268 4321 .
