3092 5084
1343 481 1422 543 13

370 684 712 772 Epistolam
781 685 917 767 πρὸς
993 684 1401 766 'Apeva-&naon
1415 735 1433 763 ,
1502 707 1613 770 pro
1676 706 1798 769 quo
1858 684 2093 750 codices
2154 684 2381 750 habent

369 805 782 884 Ἀριστόδωρον.
871 801 1109 867 Notum
1165 811 1257 867 est
1315 810 1542 867 veteres
1602 803 1850 868 nomina
1907 805 2151 889 propria
2204 827 2379 890 saepe

369 921 686 986 contracta
730 933 838 985 aut
880 921 1102 985 omissa
1147 921 1571 986 terminatione
1618 921 1877 986 scribere
1915 922 2127 987 solitos
2158 923 2375 1000 fuisse,

363 1039 514 1104 inde
559 1062 840 1133 magnam
883 1039 1201 1106 nominum
1247 1039 1523 1103 similiter
1563 1039 1987 1124 incipientium
2018 1047 2224 1104 ortam·
2246 1063 2374 1104 esse

364 1157 788 1252 confusionem
819 1159 892 1242 ¹)=
964 1179 1150 1240 quare
1212 1157 1522 1242 probabile
1585 1167 1677 1222 est
1740 1158 1896 1222 hanc
1949 1181 2193 1242 quoque
2255 1182 2376 1223 am-

362 1277 588 1341 borum
649 1277 962 1341 nominum
1017 1276 1524 1361 permutationem
1576 1276 1961 1342 librariorum
2016 1249 2373 1362 compendio

362 1395 595 1460 deberi.
665 1393 818 1460 Uter
863 1403 1064 1458 autem
1110 1395 1330 1458 titulus
1377 1394 1804 1480 praeferendus
1852 1396 1961 1473 sit,
1994 1395 2163 1460 haud
2196 1396 2373 1459 facile

361 1511 689 1598 dijudicari
746 1520 980 1598 potest;
1051 1512 1265 1598 opinor
1323 1485 1524 1576 tamen
1586 1513 1793 1598 potius
1860 1535 2001 1577 cum
2062 1513 2374 1578 codicibus

361 1631 755 1696 scribendum
815 1654 943 1696 esse
1002 1631 1135 1712 πρὸς
1178 1631 1571 1711 Ἀριστόδωρον
1584 1681 1602 1710 ,
1662 1654 1854 1716 quum
1900 1631 2083 1716 hujus
2130 1654 2375 1716 quoque

273 1833 282 1838 1
361 1773 592 1815 nomen
639 1751 968 1837 praefixum
1001 1751 1081 1814 sit
1117 1752 1182 1814 in
1212 1751 1303 1814 Ic.
1353 1751 1713 1814 Damasceni
1727 1800 1745 1829 ,
1780 1750 1999 1815 Parall.
2034 1751 2097 1814 in
2130 1751 2373 1815 Stobaei

361 1869 579 1934 Floril.
627 1868 906 1954 Append.
953 1868 1068 1946 IV,
1113 1891 1173 1954 p.
1226 1872 1304 1932 19
1355 1868 1659 1933 Gaisford.

453 1987 671 2052 Altera
730 1987 1066 2052 differentia
1123 1988 1188 2050 in
1249 1987 1362 2052 hoc
1424 1988 1623 2072 posita
1684 1995 1774 2050 est
1788 2037 1807 2065 ‚
1867 1987 2031 2071 quod
2094 1987 2372 2052 Laertius

361 2115 650 2172 numerat
671 2113 933 2190 quatuor
963 2106 1268 2192 Epistolas
1298 2105 1434 2186 πρὸς
1467 2107 1779 2183 Διονύσιον,
1814 2107 2135 2192 pleraeque
2167 2114 2370 2171 autem

363 2227 666 2290 editiones
711 2225 852 2290 inde
899 2248 934 2288 a
977 2225 1187 2290 Ficino
1235 2232 1295 2289 et
1341 2224 1484 2288 edit.
1537 2225 1724 2288 Basil.
1780 2227 1835 2288 l.
1884 2248 2069 2289 unam
2116 2225 2368 2304 harum,

363 2343 660 2428 primam,
709 2366 828 2407 non
877 2341 1152 2420 Platoni,
1200 2342 1305 2406 sed
1342 2342 1528 2430 Dioni
1560 2342 1891 2406 ascribunt.
1916 2343 1967 2428 2)
2036 2342 2201 2406 Huic
2231 2365 2371 2406 vero

364 2463 577 2527 obstat
635 2462 912 2526 codicum
975 2463 1300 2526 auctoritas
1316 2511 1335 2541 ,
1399 2462 1506 2546 qui
1560 2470 1801 2526 tantum
1846 2484 1971 2544 non
2018 2484 2225 2526 omnes
2242 2513 2260 2540 ,
2308 2463 2373 2526 in

362 2581 467 2644 his
513 2580 824 2645 Parisinus
857 2592 910 2645 Δ
945 2587 1004 2643 et
1047 2588 1276 2664 septem
1306 2579 1641 2645 Florentini
1658 2631 1676 2658 ,
1723 2581 2085 2665 inscriptum
2116 2581 2371 2645 habent:
2439 2665 2442 2667 ‚

364 2701 623 2768 Πλάτων
684 2701 952 2781 Διονυσίῳ
1013 2695 1075 2766 εὖ
1133 2699 1425 2781 πράττειν.
1459 2701 1510 2786 3)
1600 2699 1873 2765 Eandem
1917 2700 2374 2786 inscriptionem

369 2820 711 2904 Diogenem
772 2827 830 2882 et
889 2818 1276 2902 Thrasyllum
1335 2819 1400 2882 in
1463 2819 1588 2882 suis
1634 2817 1805 2884 libris
1849 2818 2069 2902 legisse
2113 2841 2238 2883 non
2284 2825 2376 2882 est

369 2938 542 3022 quod
585 2937 952 3001 dubitemuS.
1015 2934 1233 3020 Neque
1279 2959 1420 3000 vero
1464 2935 1684 3002 idonea
1729 2945 1857 3000 erat
1902 2959 2085 3003 causa
2114 2959 2235 3018 cur⁴
2256 2935 2376 2999 edi-

365 3064 532 3121 tores
577 3055 828 3121 titulum
872 3063 1197 3120 mutarent.
1244 3053 1422 3124 xNam
1461 3055 1628 3139 quod
1667 3055 1841 3120 aiunt
1870 3055 2159 3140 epistolae
2189 3055 2372 3118 huius

369 3161 798 3260 argumentum
820 3174 1094 3238 Platonis
1119 3196 1405 3259 personae
1436 3181 1498 3238 et
1527 3174 1709 3238 rebus
1733 3196 1855 3238 non
1889 3197 2017 3238 esse
2048 3195 2375 3260 accommo-⁴

369 3295 614 3372 datum,
661 3303 724 3357 at
763 3316 886 3357 non
930 3293 1122 3378 magis
1153 3293 1466 3378 congruit,
1513 3293 1637 3356 imo
1661 3292 1864 3356 minus
1898 3293 2076 3358 etiam
2095 3343 2114 3370 ,
2157 3293 2372 3357 Dionis

368 3436 660 3498 personae
675 3463 694 3492 ,
771 3411 935 3497 quod
1005 3413 1161 3476 infra
1229 3411 1564 3478 ostendam.
1657 3411 1875 3496 Itaque
1948 3419 2371 3496 argumentum

445 3694 495 3754 1)
532 3693 638 3742 vid.
673 3691 854 3751 Cobet,
888 3693 1000 3741 Var.
1031 3691 1188 3741 lectt.
1219 3707 1268 3756 p.
1307 3690 1419 3744 271.

440 3789 489 3850 2)
524 3788 580 3837 Id
623 3803 711 3852 pro
759 3803 870 3836 vero
911 3791 1138 3851 certoque
1181 3786 1347 3836 habuit
1381 3787 1714 3845 Tennemann,
1749 3787 1874 3851 Syst.
1910 3786 1994 3837 der
2026 3787 2148 3837 Plat.
2182 3787 2299 3851 phil.
2334 3787 2377 3838 1.

374 3899 422 3949 p.
459 3883 570 3936 107.
637 3883 734 3943 „Es
766 3883 828 3932 ist
860 3883 975 3932 aber
1005 3897 1064 3932 zn
1099 3882 1352 3932 bemcrken
1386 3883 1492 3932 dass
1525 3882 1764 3946 Diogenes
1798 3882 1888 3930 den
1923 3886 2078 3933 ersten
2116 3887 2254 3932 unter
2287 3884 2375 3932 den

375 3978 499 4028 noch
532 3977 894 4037 vorhandcnen,
940 3977 1027 4026 wie
1069 3977 1230 4043 billig,
1278 3978 1409 4028 nicht
1453 3977 1545 4027 mit
1580 3981 1721 4026 unter
1753 3978 1842 4028 den
1876 3976 2209 4028 Platonischen
2244 3979 2377 4028 rech-

377 4079 488 4134 net,
536 4075 640 4124 weil
685 4089 737 4123 er
769 4074 858 4122 den
904 4073 997 4122 Dio
1043 4088 1151 4122 zum
1184 4072 1428 4124 Vcrfasser
1461 4073 1593 4123 hat.''
1660 4075 1859 4124 Secutus
1892 4077 1963 4124 est
1996 4075 2046 4123 in
2080 4074 2171 4122 hoc
2205 4074 2384 4122 Wesse·

376 4168 575 4233 linginm
607 4167 762 4232 Epist.
795 4168 858 4216 ad
890 4165 1177 4226 Venemam,
1211 4182 1260 4231 p.
1295 4168 1375 4217 42.

441 4264 488 4326 3)
522 4262 630 4314 vid.
664 4261 928 4312 Stallbaum
962 4261 1035 4312 ed.
1069 4261 1195 4311 Plat.
1229 4279 1340 4327 opp.
1376 4261 1459 4312 Gr.
1495 4263 1605 4312 Var-
1640 4261 1771 4313 lectt.
1808 4261 1941 4312 Tom.
1976 4261 2081 4312 ΧΠ.
2118 4278 2163 4326 p.
2197 4261 2313 4314 467.

1571 4421 1691 4461 “⁶“
1734 4411 1998 4450 ι-Ἢ

1545 4458 1568 4472 κ
1739 4454 1747 4459 “
1808 4456 1813 4464 Ι

1543 4509 1612 4538 ““
1734 4473 1752 4506 s
1776 4467 2135 4585 ...ww
2119 4508 2191 4607 κ’

1447 4483 1895 4756 <1Ν111311
1914 4607 2124 4672 8113(
2179 4650 2187 4682 ,

1539 4693 1760 4792 CM
1770 4719 2039 4790 Heme
2095 4686 2203 4784 s

1539 4754 2113 4848 &Ml
