3092 5084
1608 513 1690 573 92

642 715 995 801 scriptorem
1041 715 1157 779 hoc
1202 716 1401 781 dicere
1432 720 1682 801 puderet
1719 719 2096 802 (αἰσχύνομαι
2127 720 2342 804 λέγειν)
2359 770 2376 799 ,
2411 720 2651 784 nullum

643 840 773 898 erat
831 834 896 897 in
956 834 1070 897 hoc
1115 834 1377 900 dedecus
1394 862 1411 913 3
1462 835 1569 899 sed
1614 836 1968 917 αἰσχύνομαι
2015 845 2088 901 ut
2137 838 2354 902 fortius
2400 838 2648 903 verbum

642 954 849 1038 posuit
895 976 1002 1039 pro
1050 954 1337 1032 αἰδοῦμαι.
1387 956 1461 1019 cf.
1511 978 1694 1040 supra
1724 979 1783 1041 p.
1823 958 1926 1020 50.
1976 956 2188 1036 Quum
2220 964 2652 1022 commemorat
2698 1013 2704 1019 .

640 1070 901 1136 Dionem
947 1095 984 1135 a
1028 1072 1323 1157 Dionysio
1368 1074 1434 1137 in
1480 1073 1762 1138 exsilium
1809 1075 2068 1160 ejectum
2115 1098 2277 1153 esse,
2321 1076 2416 1139 his
2450 1076 2652 1141 utitur

641 1191 870 1269 verbiS,
935 1215 993 1276 p.
1059 1195 1186 1255 316
1248 1192 1470 1257 Dz'vb
1534 1193 1696 1271 μετα
1757 1198 1922 1258 τοῦτο
1980 1192 2084 1257 εἴτ’
2128 1192 2487 1272 ἄνθρωπος
2533 1194 2652 1259 εἴτε

640 1309 790 1381 θεὸς
836 1308 953 1375 εἴτε
996 1310 1189 1390 τύχη
1238 1336 1324 1383 τις
1371 1311 1532 1389 μετ-οὶ
1576 1317 1675 1376 σοῦ
1723 1312 1914 1376 Δίωνα
1954 1311 2206 1390 ἐξέβαλε
2244 1312 2342 1376 καὶ
2382 1313 2649 1391 ἐλείφθης

640 1426 825 1505 μόνος.
883 1426 1060 1491 Tales
1106 1428 1405 1513 ampullas
1452 1428 1589 1513 quis
1635 1451 1759 1492 non
1805 1428 2043 1493 rideat?
2090 1430 2201 1493 Uti
2232 1438 2436 1494 autem
2466 1430 2649 1494 modo

568 1548 576 1556 “
640 1546 705 1609 in
740 1545 963 1610 -verbis
1024 1554 1222 1612 ταῦτα
1277 1548 1383 1625 μὲν
1428 1545 1602 1619 οὕτως
1649 1549 1874 1628 εἰρήσθω
1894 1598 1911 1621 ,
1961 1548 2048 1611 ita
2093 1548 2450 1633 plerumque
2497 1548 2651 1613 solet

640 1665 902 1729 formula
962 1666 1224 1749 quadam
1285 1668 1409 1744 uti,
1475 1688 1599 1752 qua
1659 1667 1734 1732 ab
1780 1690 1904 1731 uno
1952 1676 2308 1752 argumento
2357 1667 2432 1733 ad
2480 1667 2648 1732 aliud

643 1791 941 1862 transeat,
997 1784 1189 1849 veluti
1227 1809 1287 1871 p.
1330 1787 1454 1851 317
1492 1786 1576 1849 A:
1625 1785 1722 1851 καὶ
1765 1792 2001 1850 ταῦτα
2029 1787 2152 1864 μὲν
2182 1782 2390 1857 οὕτως
2421 1784 2649 1863 ἐγένετο

640 1911 746 1977 τῆς
804 1904 947 1977 ἐμῆς
1008 1904 1087 1975 εἷς
1148 1904 1521 1985 Συρακούσας
1585 1904 1916 1981 ἀποδημίας
1963 1904 2085 1984 πέρι
2130 1911 2232 1977 τῆς
2279 1902 2502 1983 πρώτης
2547 1904 2645 1969 καὶ

640 2028 745 2094 τῆς
790 2020 971 2085 πάλιν
1007 2020 1195 2086 οἴκαδε
1233 2022 1535 2101 σωτηρίοις.
1605 2022 1840 2088 Rursus
1882 2046 1940 2107 p.
1976 2024 2102 2085 318
2136 2022 2228 2085 D:
2280 2022 2378 2087 καὶ
2413 2028 2650 2087 ταῦτα

638 2137 763 2216 μὲν
815 2135 1045 2220 ταύτῃ
1095 2140 1219 2219 περὶ
1266 2139 1348 2204 τοὶ
1392 2139 1666 2205 πολιτικοὶ
1709 2148 1814 2215 τῆς
1859 2140 2139 2212 κοινωνίας
2189 2140 2325 2225 (pro
2370 2140 2495 2220 περὶ
2541 2147 2648 2215 τῆς

639 2263 749 2321 τῶν
794 2264 1097 2323 πολιτικῶν
1134 2257 1437 2343 κοινωνίας)
1475 2267 1582 2333 τῆς
1619 2262 1764 2337 ἐμῆς
1803 2260 1900 2323 καὶ
1939 2268 2043 2334 σῆς
2060 2308 2077 2341 ,
2135 2280 2290 2343 quae
2333 2280 2472 2321 mox
2505 2280 2651 2342 pau-

640 2375 771 2439 lum
813 2374 1137 2456 immutata
1180 2377 1401 2441 iterum
1448 2377 1771 2462 leguntur:
1807 2378 1975 2443 οὶλλοὶ
1996 2384 2236 2443 ταῦτα
2258 2377 2388 2455 μὲν
2419 2376 2650 2459 ταύτῃ

640 2495 927 2574 γενόμενα
971 2497 1073 2571 τὴν
1117 2497 1259 2575 ἐμὴν
1305 2496 1403 2562 καὶ
1454 2499 1559 2572 σὴν
1601 2498 1948 2580 λυκοφιλίαν
1990 2496 2086 2561 καὶ
2121 2494 2444 2561 ἀκοινωνίαν
2467 2493 2562 2559 διά,
2582 2519 2650 2559 σε

640 2614 1069 2693 ἀπειργάσατο,
1116 2613 1208 2679 Cf.
1256 2614 1371 2700 Ep.
1419 2615 1521 2694 II,
1574 2608 1703 2680 314
1735 2614 1815 2679 C:
1849 2621 2092 2681 ταῦτα
2120 2613 2245 2694 μὲν
2276 2615 2353 2687 δὴ
2384 2610 2646 2696 ταύτῃ,

642 2703 765 2813 περὶ
827 2732 885 2796 δὲ
944 2732 1259 2810 Πολυξένου
1319 2734 1439 2801 κτὲ.
1533 2732 1696 2798 Hinc
1758 2734 2020 2798 formula
2062 2733 2171 2797 illa
2214 2740 2287 2797 ut
2333 2732 2650 2797 Platonica

641 2857 1008 2915 memoratur
1052 2874 1105 2915 a·
1133 2850 1464 2916 Plutarcho
1478 2901 1497 2930 ,
1546 2851 1864 2917 Demosth.
1906 2874 1957 2915 c.
2013 2854 2047 2915 1
2098 2857 2257 2915 extr:
2306 2849 2404 2915 καὶ
2448 2856 2650 2915 ταῦτα
2693 2850 2703 2867 “

638 2968 759 3043 μὲν·
787 2968 1007 3051 ταύτῃ,
1055 2970 1218 3034 κατα
1260 2970 1591 3035 Πλατωναε
1639 2970 1806 3055 quod
1852 2992 1975 3055 quo
2021 2976 2318 3065 spectaret
2363 2968 2642 3053 fugiebat

636 3085 1206 3171 Wyttenbachium‚
1256 3109 1443 3172 quare
1486 3087 1804 3152 Plutarchi
1848 3088 2030 3153 verba
2057 3088 2338 3152 mutilata
2360 3086 2642 3172 putabat.

638 3204 779 3268 Vid.
827 3206 1055 3269 Annot.
1104 3206 1181 3269 ad
1226 3205 1441 3270 Select.
1487 3206 1700 3271 histor.
1749 3230 1806 3291 p.
1859 3208 1984 3270 248
2024 3212 2086 3270 et
2115 3208 2266 3271 424«.
2314 3204 2638 3271 Interdum

635 3323 963 3387 transitum
1013 3324 1160 3389 facit
1204 3325 1349 3389 satis
1393 3325 1632 3411 inepte,
1679 3332 1752 3388 ut
1795 3332 1935 3410 post
1964 3325 2339 3409 prooemium
2353 3373 2372 3402 ,
2422 3347 2482 3409 p.
2510 3326 2640 3387 316

642 3440 692 3507 G
708 3491 727 3521 ,
778 3465 969 3527 quum
1014 3444 1092 3507 ad
1135 3444 1330 3529 ipsam
1375 3444 1785 3509 defensionem
1831 3443 2090 3522 accedit,
2139 3442 2290 3508 dicit
2335 3444 2508 3509 haec:
2542 3444 2646 3516 τὴν

640 3558 733 3626 οὖν
792 3562 981 3642 ἀρχὴν
1035 3558 1106 3626 ὦν
1151 3559 1305 3628 εἷπον
1354 3564 1537 3649 [περὶ]
1587 3562 1858 3644 προτέρων
1905 3558 2076 3628 ἄκουε
2122 3560 2398 3642 πρότερον.
2489 3561 2647 3625 Vult

642 3679 841 3743 dicere
900 3680 1209 3757 „duorum
1270 3682 1635 3746 defensionis
1697 3682 1968 3767 capitum
2027 3681 2092 3745 id
2157 3679 2322 3765 quod
2384 3680 2646 3765 primum

641 3798 855 3884 posui,
926 3800 1190 3883 primum
1258 3800 1462 3865 audi.”
1540 3799 1698 3880 Quis
1769 3822 1892 3864 non
1960 3798 2127 3862 videt
2185 3798 2380 3863 verbis
2441 3821 2646 3884 super-

642 3916 848 3980 vacuis
892 3918 995 3991 τὴν
1040 3918 1227 3999 ἀρχὴν
1273 3925 1334 3983 et
1372 3918 1495 3998 περὶ
1530 3919 1858 3982 obscurum
1888 3916 2060 3981 reddi
2090 3915 2374 3981 sensum?
2405 3915 2644 3981 Clarius

645 4035 897 4099 dixisset
940 4036 1065 4117 περὶ
1113 4043 1222 4102 τῶν
1268 4037 1541 4117 προτέρων
1586 4034 1676 4103 οὖν
1720 4031 1892 4102 ἄκουε
1928 4034 2208 4117 πρότερον.
2255 4034 2355 4099 Ad
2386 4034 2644 4099 alterum

642 4160 848 4219 autem
908 4154 1275 4221 defensionis
1335 4164 1521 4241 caput
1578 4155 2024 4240 transgreditur
2083 4154 2196 4218 hac
2239 4153 2531 4231 formula,
2580 4177 2640 4239 p.

646 4274 772 4339 318
836 4272 890 4337 Ε
908 4299 923 4337 ε
970 4274 1179 4356 σχεδὸν
1226 4275 1273 4340 δ’
1319 4277 1397 4347 εἰς
1442 4274 1616 4353 λόγον
1663 4276 1690 4340 ὅ
1736 4274 1908 4352 λόγος
1955 4273 2074 4349 ἥκει
2119 4297 2213 4352 μοι
2267 4270 2514 4353 ξυνεχὴς
2561 4275 2642 4354 τῷ
