3092 5084
1422 466 1499 529 87

462 671 596 737 τότε
652 678 950 737 πολιτικῶν
996 668 1137 736 εἶναι
1167 672 1463 743 ,κοινωνίαν
1510 672 1649 752 πρός
1687 698 1782 751 σες
1833 676 1915 759 (p.
1961 678 2090 738 316
2138 674 2239 758 D).
2331 674 2466 738 Jam

460 813 601 853 vero
648 790 883 853 etiamsi
914 789 1345 867 concedamuS,
1382 812 1451 854 eo
1482 790 1642 853 facto
1675 791 1916 856 Platoni
1948 762 2466 878 opportunitatem

460 908 647 972 fuisse
722 908 1019 973 ademtam
1092 916 1163 973 ut
1224 909 1590 994 Dionysium
1650 910 2070 995 philosophiae
2130 912 2468 997 praeceptis

459 1028 759 1093 imbueret
804 1035 864 1091 et
912 1028 989 1091 ad
1035 1029 1178 1093 boni
1225 1030 1514 1115 principis
1563 1030 1818 1115 effigiem
1865 1032 2301 1108 conformaret,
2343 1053 2466 1095 non

457 1152 657 1209 tamen
705 1146 1017 1230 probabile
1064 1155 1189 1223 est,
1225 1169 1363 1211 eum
1397 1148 1461 1211 in
1494 1147 1638 1211 aula
1668 1147 1987 1230 degentem
2022 1148 2096 1211 ab
2129 1150 2294 1211 omni
2326 1171 2469 1213 cum

458 1264 731 1349 principe
762 1264 1121 1328 commercio
1156 1265 1230 1328 de
1262 1264 1523 1349 publicis
1549 1266 1808 1348 negotiis
1831 1266 2122 1329 mansisse
2147 1274 2465 1331 remotum.
2493 1289 2496 1293 ·

458 1382 626 1462 Quid
690 1384 856 1466 quod
912 1383 1021 1446 hac
1066 1384 1132 1446 in
1179 1391 1350 1467 parte
1395 1384 1531 1468 ipsa
1577 1382 1835 1467 epistola
1881 1384 1996 1448 sibi
2041 1406 2165 1447 non
2211 1393 2467 1450 constat.

454 1502 593 1567 Jam
638 1488 938 1587 principio
984 1505 1065 1587 (p.
1118 1505 1245 1565 316
1294 1504 1373 1586 A)
1422 1503 1646 1587 excipit
1689 1502 1858 1567 ἄλλοι
1903 1528 1970 1569 τε
2015 1503 2260 1584 βραχέα
2307 1502 2469 1570 ἄττα

454 1622 552 1687 καὶ
615 1622 695 1685 τοὶ
758 1626 869 1684 τῶν
934 1621 1115 1698 νόμων
1181 1622 1479 1701 προοίμιαε
1532 1622 1706 1704 quasi
1752 1621 1869 1685 hoc
1914 1620 2045 1685 leve
2091 1630 2247 1685 esset
2290 1646 2471 1709 nego-

452 1739 636 1816 tium,
700 1739 867 1822 quod
926 1739 1175 1822 quidem
1234 1762 1265 1802 e
1324 1739 1598 1803 Platonis
1660 1741 1960 1804 sententia
2016 1747 2145 1804 erat
2189 1743 2468 1825 gravissi-

452 1880 653 1934 mum,
718 1864 789 1921 ut
848 1866 1097 1942 apparet
1156 1880 1229 1920 ex
1287 1858 1362 1920 iis
1424 1879 1579 1940 quae
1639 1857 1751 1921 hac
1813 1858 1889 1922 de
1949 1882 2012 1923 re
2071 1858 2467 1943 disputantur

450 1976 516 2041 in
576 1976 731 2041 libro
793 1976 869 2040 de
929 1975 1118 2061 Legg.
1181 1975 1308 2053 IV,
1372 1999 1431 2061 p.
1502 1977 1626 2040 722
1685 1998 1774 2059 sq.
1823 1976 1930 2056 ubi
1975 1977 2194 2055 docet,
2243 1978 2465 2043 bonam

450 2096 646 2179 legem
709 2071 947 2160 duabus
1010 2102 1285 2161 constare
1345 2096 1622 2179 partibus
1639 2145 1658 2173 ‚
1724 2118 1983 2180 quarum
2041 2096 2231 2161 altera
2275 2098 2355 2161 sit
2399 2099 2465 2163 τὸ

450 2212 818 2278 ἐπιτακτικόν
834 2264 853 2291 ,
916 2214 977 2277 h.
1032 2236 1081 2277 e.
1130 2214 1332 2298 ipsum
1379 2214 1529 2299 legis
1577 2215 2048 2299 praescriptum,
2098 2215 2357 2282 alterum
2399 2216 2466 2281 τὸ
2544 2235 2548 2241 ’

450 2331 739 2397 πειστικόν
756 2382 773 2405 ,
838 2354 959 2415 quo
1016 2332 1171 2395 ratio
1230 2332 1381 2417 legis
1446 2333 1772 2416 exponitur
1817 2340 1877 2395 et
1923 2333 2247 2410 suadetur,
2296 2333 2356 2397 h.
2407 2357 2461 2397 e.

448 2451 827 2536 prooemium
841 2478 860 2529 3
908 2473 1051 2535 ergo
1096 2450 1241 2515 boni
1284 2450 1648 2533 legislatoris
1695 2474 1823 2514 esse
1880 2452 2192 2531 προτιθέναι
2244 2453 2462 2524 παντὸς

450 2577 550 2635 τοῦ
595 2569 773 2649 λόγου
819 2570 885 2633 τὸ
930 2569 1189 2649 πεφυκὸς
1236 2570 1520 2647 προοίμιον
1561 2569 1822 2641 ἑκάστοις
1865 2571 1946 2654 (p.
1994 2572 2117 2635 723
2153 2569 2244 2655 G).
2305 2571 2460 2635 Inde

451 2688 707 2773 scriptor
753 2688 1043 2773 epistolae
1087 2688 1151 2751 id
1196 2688 1325 2751 sine
1371 2687 1559 2752 dubio
1591 2688 1830 2751 sumsit.
1889 2688 1929 2751 J
1933 2711 2030 2752 am
2071 2690 2456 2754 manifestum

452 2814 544 2871 est
559 2857 577 2885 ,
618 2807 994 2892 prooemium
1039 2806 1189 2891 legis
1236 2806 1520 2890 componi
1564 2828 1689 2869 non
1735 2827 1911 2891 posse
1957 2813 2282 2891 antequam
2328 2809 2462 2893 ipsa

450 2926 549 2990 lex
595 2926 929 2989 constituta
973 2925 1087 3002 sit3
1136 2946 1320 3008 quare
1365 2946 1461 2988 res
1506 2924 1624 2989 ista
1668 2946 2054 3008 nequaquam
2101 2925 2177 2989 ad
2215 2925 2460 3006 βραχέαι

450 3046 581 3110 τινὰ
606 3044 1057 3110 annumeranda
1080 3050 1234 3120 erat,
1264 3042 1429 3126 quod
1454 3042 1662 3127 potius
1685 3043 2108 3127 gravissimum
2133 3050 2260 3108 erat
2281 3044 2460 3128 legis-

451 3146 659 3227 latoris
706 3185 879 3247 opuS.
928 3161 1163 3226 Deinde
1209 3161 1383 3225 alteri
1427 3161 1834 3226 criminationi
1849 3210 1868 3239 ‚
1921 3161 2087 3245 quod
2133 3162 2310 3225 Plato
2342 3162 2459 3226 dis-

452 3282 743 3346 suasisset
785 3280 1079 3365 Dionysio
1126 3279 1601 3344 dominationem
1647 3280 1950 3343 remittere
1996 3287 2058 3343 et
2094 3280 2332 3345 Sicih'ae
2373 3281 2453 3344 ci-

453 3402 671 3465 vitates
731 3422 993 3464 recreare
1006 3449 1024 3477 ‚
1088 3400 1343 3484 scriptor
1400 3399 1726 3484 respondet
1759 3400 2305 3473 ,commemorando
2343 3400 2462 3464 col-

452 3520 698 3604 loquia,
776 3518 941 3604 quod
1016 3518 1434 3603 praesentibus
1520 3518 1881 3584 Aristocrito
1951 3526 2012 3582 et
2079 3519 2458 3583 Archedemo

454 3639 519 3701 in
578 3638 777 3722 regiae
830 3636 1007 3700 horto
1064 3659 1202 3700 cum
1263 3635 1559 3720 Dionysio
1605 3635 1919 3699 habuisset
1970 3636 2140 3699 Plato
2157 3686 2174 3713 ‚
2222 3638 2289 3700 in
2334 3658 2456 3719 quo

456 3756 762 3841 colloquio
806 3755 1121 3820 Platonem
1167 3756 1552 3820 vehementer
1596 3755 1662 3819 id
1703 3755 1996 3833 suasisse,
2031 3756 2198 3838 quod
2231 3754 2460 3819 dissua-

456 3877 603 3941 sisse
664 3898 803 3939 eum
864 3875 1012 3939 dicit
1070 3874 1431 3959 DionysiuS,
1497 3881 1707 3938 contra
1759 3875 1924 3938 hunc
1985 3873 2059 3938 ab
2117 3875 2187 3936 eo
2233 3872 2460 3937 dissen-

456 3994 621 4058 sisse.
715 3992 883 4073 Quid
941 3995 1057 4058 hoc
1120 3992 1290 4058 aliud
1352 3993 1471 4057 fuit
1528 3993 1651 4057 nisi
1702 3990 1974 4073 πράττειν
2017 3992 2098 4056 τοὶ
2143 3989 2462 4056 mam-md?

458 4112 741 4177 Ceterum
770 4112 939 4176 istud
970 4111 1339 4196 colloquium
1375 4111 1451 4173 ad
1481 4110 1800 4175 Platonem
1821 4110 2036 4174 defend
2045 4110 2268 4175 endum
2292 4109 2462 4194 parvi

460 4238 548 4295 est
591 4231 894 4317 ponderis,
988 4229 1159 4310 Quid
1204 4230 1362 4293 enim
1410 4229 1487 4294 ad
1532 4229 1715 4293 fidem
1745 4229 2082 4293 faciendam
2112 4229 2272 4295 valet
2303 4250 2461 4291 com-

1536 4360 1771 4530 f
1881 4392 1886 4440 ³
1925 4388 2264 4538 ΜΝ

1563 4534 1658 4604 κι’
1681 4536 1723 4587 xx
1753 4534 1771 4586 1
1800 4487 2204 4593 v'hz'iisi'rr
2251 4553 2272 4627 l·

1531 4533 2250 4743 Kxfflmf'omffias‘
