<?xml version="1.0" encoding="UTF-8"?>
<!DOCTYPE html PUBLIC "-//W3C//DTD XHTML 1.0 Transitional//EN"
    "http://www.w3.org/TR/xhtml1/DTD/xhtml1-transitional.dtd">
<html xmlns="http://www.w3.org/1999/xhtml" xml:lang="en" lang="en">
 <head>
  <title>
</title>
<meta http-equiv="Content-Type" content="text/html;charset=utf-8" />
  <meta name='ocr-system' content='tesseract 3.04.00' />
  <meta name='ocr-capabilities' content='ocr_page ocr_carea ocr_par ocr_line ocrx_word'/>
</head>
<body>
  <div class='ocr_page' id='page_1' title='image "./commentatiocrit01karsgoog_0114.png"; bbox 0 0 3092 5084; ppageno 0'>
   <div class='ocr_carea' id='block_1_1' title="bbox 1629 484 1710 543">
    <p class='ocr_par' dir='ltr' id='par_1_1' title="bbox 1629 484 1710 543">
     <span class='ocr_line' id='line_1_1' title="bbox 1629 484 1710 543; baseline 0 0"><span class='ocrx_word' id='word_1_1' title='bbox 1629 484 1710 543; x_wconf 88' lang='grc'>86</span> 
     </span>
    </p>
   </div>
   <div class='ocr_carea' id='block_1_2' title="bbox 642 691 2666 2199">
    <p class='ocr_par' dir='ltr' id='par_1_2' title="bbox 642 691 2666 2199">
     <span class='ocr_line' id='line_1_2' title="bbox 652 691 2658 777; baseline 0.001 -22"><span class='ocrx_word' id='word_1_2' title='bbox 652 694 810 757; x_wconf 90' lang='lat' dir='ltr'>inter</span> <span class='ocrx_word' id='word_1_3' title='bbox 870 714 981 755; x_wconf 88' lang='lat' dir='ltr'>nos</span> <span class='ocrx_word' id='word_1_4' title='bbox 1042 692 1225 755; x_wconf 88' lang='lat' dir='ltr'>fuerit</span> <span class='ocrx_word' id='word_1_5' title='bbox 1271 691 1668 755; x_wconf 89' lang='lat' dir='ltr'>consiliorum</span> <span class='ocrx_word' id='word_1_6' title='bbox 1714 691 1789 755; x_wconf 93' lang='lat' dir='ltr'>de</span> <span class='ocrx_word' id='word_1_7' title='bbox 1837 692 2149 777; x_wconf 82' lang='lat' dir='ltr'>republica</span> <span class='ocrx_word' id='word_1_8' title='bbox 2195 694 2658 770; x_wconf 83' lang='lat' dir='ltr'>commercium3</span> 
     </span>
     <span class='ocr_line' id='line_1_3' title="bbox 642 811 2659 896; baseline 0 -22"><span class='ocrx_word' id='word_1_9' title='bbox 642 811 989 875; x_wconf 86' lang='lat' dir='ltr'>ostendunt</span> <span class='ocrx_word' id='word_1_10' title='bbox 1032 812 1098 874; x_wconf 92' lang='lat' dir='ltr'>in</span> <span class='ocrx_word' id='word_1_11' title='bbox 1142 820 1204 873; x_wconf 88' lang='lat' dir='ltr'>te</span> <span class='ocrx_word' id='word_1_12' title='bbox 1249 832 1493 874; x_wconf 90' lang='lat' dir='ltr'>causam</span> <span class='ocrx_word' id='word_1_13' title='bbox 1541 812 1720 876; x_wconf 84' lang='lat' dir='ltr'>sitam</span> <span class='ocrx_word' id='word_1_14' title='bbox 1765 812 1951 876; x_wconf 86' lang='lat' dir='ltr'>fuisse</span> <span class='ocrx_word' id='word_1_15' title='bbox 1965 861 1983 889; x_wconf 90' lang='lat'><strong><em>,</em></strong></span> <span class='ocrx_word' id='word_1_16' title='bbox 2031 834 2186 896; x_wconf 89' lang='lat' dir='ltr'>quae</span> <span class='ocrx_word' id='word_1_17' title='bbox 2232 814 2334 888; x_wconf 70' lang='grc' dir='ltr'>τὴν</span> <span class='ocrx_word' id='word_1_18' title='bbox 2380 813 2520 890; x_wconf 69' lang='grc' dir='ltr'><em>ἐμὴν</em></span> <span class='ocrx_word' id='word_1_19' title='bbox 2559 812 2659 876; x_wconf 76' lang='grc' dir='ltr'>καὶ</span> 
     </span>
     <span class='ocr_line' id='line_1_4' title="bbox 656 929 2390 1015; baseline 0.001 -22"><span class='ocrx_word' id='word_1_20' title='bbox 656 932 757 1005; x_wconf 69' lang='grc' dir='ltr'>σὺν</span> <span class='ocrx_word' id='word_1_21' title='bbox 803 929 1151 1011; x_wconf 69' lang='grc' dir='ltr'><strong><em>λυκοφιλίαν</em></strong></span> <span class='ocrx_word' id='word_1_22' title='bbox 1196 929 1294 993; x_wconf 71' lang='lat' dir='ltr'>xx}</span> <span class='ocrx_word' id='word_1_23' title='bbox 1338 930 1666 995; x_wconf 75' lang='grc' dir='ltr'><em>οὶκοινωνίοιν</em></span> <span class='ocrx_word' id='word_1_24' title='bbox 1713 930 1946 1015; x_wconf 85' lang='lat' dir='ltr'>peperit</span> <span class='ocrx_word' id='word_1_25' title='bbox 1993 933 2072 1015; x_wconf 91' lang='lat' dir='ltr'>(p.</span> <span class='ocrx_word' id='word_1_26' title='bbox 2123 934 2249 993; x_wconf 85' lang='lat'>318</span> <span class='ocrx_word' id='word_1_27' title='bbox 2296 931 2390 1015; x_wconf 86' lang='lat' dir='ltr'>E).</span> 
     </span>
     <span class='ocr_line' id='line_1_5' title="bbox 747 1048 2661 1133; baseline 0.001 -21"><span class='ocrx_word' id='word_1_28' title='bbox 747 1048 982 1112; x_wconf 84' lang='lat' dir='ltr'><strong>Deinde</strong></span> <span class='ocrx_word' id='word_1_29' title='bbox 1015 1048 1247 1111; x_wconf 89' lang='lat' dir='ltr'>accedit</span> <span class='ocrx_word' id='word_1_30' title='bbox 1278 1048 1357 1111; x_wconf 85' lang='lat' dir='ltr'>ad</span> <span class='ocrx_word' id='word_1_31' title='bbox 1403 1049 1691 1125; x_wconf 87' lang='lat' dir='ltr'>alterum,</span> <span class='ocrx_word' id='word_1_32' title='bbox 1739 1050 1801 1113; x_wconf 91' lang='lat' dir='ltr'>h.</span> <span class='ocrx_word' id='word_1_33' title='bbox 1851 1072 1902 1113; x_wconf 87' lang='lat' dir='ltr'>e.</span> <span class='ocrx_word' id='word_1_34' title='bbox 1949 1050 2212 1133; x_wconf 88' lang='lat' dir='ltr'>primum</span> <span class='ocrx_word' id='word_1_35' title='bbox 2259 1050 2661 1113; x_wconf 78' lang='lat' dir='ltr'>accusationis</span> 
     </span>
     <span class='ocr_line' id='line_1_6' title="bbox 655 1167 2662 1253; baseline 0 -23"><span class='ocrx_word' id='word_1_36' title='bbox 655 1176 875 1253; x_wconf 90' lang='lat' dir='ltr'>caput,</span> <span class='ocrx_word' id='word_1_37' title='bbox 922 1167 1089 1251; x_wconf 92' lang='lat' dir='ltr'>quod</span> <span class='ocrx_word' id='word_1_38' title='bbox 1134 1167 1345 1251; x_wconf 84' lang='lat' dir='ltr'>paucis</span> <span class='ocrx_word' id='word_1_39' title='bbox 1391 1167 1672 1231; x_wconf 83' lang='lat' dir='ltr'>absolvit.</span> <span class='ocrx_word' id='word_1_40' title='bbox 1766 1168 2058 1252; x_wconf 84' lang='lat' dir='ltr'>Dionysio</span> <span class='ocrx_word' id='word_1_41' title='bbox 2103 1168 2450 1232; x_wconf 78' lang='lat' dir='ltr'>criminanti</span> <span class='ocrx_word' id='word_1_42' title='bbox 2495 1168 2662 1252; x_wconf 92' lang='lat' dir='ltr'>quod</span> 
     </span>
     <span class='ocr_line' id='line_1_7' title="bbox 654 1285 2662 1369; baseline 0 -21"><span class='ocrx_word' id='word_1_43' title='bbox 654 1286 830 1348; x_wconf 85' lang='lat' dir='ltr'>Plato</span> <span class='ocrx_word' id='word_1_44' title='bbox 877 1285 1185 1369; x_wconf 84' lang='lat' dir='ltr'>quondam</span> <span class='ocrx_word' id='word_1_45' title='bbox 1232 1286 1350 1349; x_wconf 90' lang='lat' dir='ltr'>sibi</span> <span class='ocrx_word' id='word_1_46' title='bbox 1392 1286 1779 1350; x_wconf 76' lang='lat' dir='ltr'>dissuasisset</span> <span class='ocrx_word' id='word_1_47' title='bbox 1837 1286 2075 1351; x_wconf 83' lang='lat' dir='ltr'>Siciliae</span> <span class='ocrx_word' id='word_1_48' title='bbox 2120 1287 2394 1351; x_wconf 86' lang='lat' dir='ltr'>civitates</span> <span class='ocrx_word' id='word_1_49' title='bbox 2432 1288 2662 1351; x_wconf 88' lang='lat' dir='ltr'>instau-</span> 
     </span>
     <span class='ocr_line' id='line_1_8' title="bbox 654 1404 2664 1489; baseline 0.001 -23"><span class='ocrx_word' id='word_1_50' title='bbox 654 1427 785 1468; x_wconf 82' lang='lat' dir='ltr'>rare</span> <span class='ocrx_word' id='word_1_51' title='bbox 854 1413 915 1468; x_wconf 91' lang='lat' dir='ltr'>et</span> <span class='ocrx_word' id='word_1_52' title='bbox 973 1404 1297 1489; x_wconf 88' lang='lat' dir='ltr'>imperium</span> <span class='ocrx_word' id='word_1_53' title='bbox 1356 1427 1537 1468; x_wconf 88' lang='lat' dir='ltr'>suum</span> <span class='ocrx_word' id='word_1_54' title='bbox 1579 1404 1887 1488; x_wconf 88' lang='lat' dir='ltr'>mitigare,</span> <span class='ocrx_word' id='word_1_55' title='bbox 1936 1405 2258 1489; x_wconf 87' lang='lat' dir='ltr'>respondet</span> <span class='ocrx_word' id='word_1_56' title='bbox 2307 1427 2664 1469; x_wconf 89' lang='lat' dir='ltr'>commemo-</span> 
     </span>
     <span class='ocr_line' id='line_1_9' title="bbox 656 1522 2660 1607; baseline 0.001 -22"><span class='ocrx_word' id='word_1_57' title='bbox 656 1522 845 1585; x_wconf 85' lang='lat' dir='ltr'>rando</span> <span class='ocrx_word' id='word_1_58' title='bbox 914 1546 1249 1587; x_wconf 86' lang='lat' dir='ltr'>sermonem</span> <span class='ocrx_word' id='word_1_59' title='bbox 1266 1573 1284 1601; x_wconf 90' lang='lat'><strong><em>,</em></strong></span> <span class='ocrx_word' id='word_1_60' title='bbox 1356 1524 1462 1607; x_wconf 89' lang='lat' dir='ltr'>qui</span> <span class='ocrx_word' id='word_1_61' title='bbox 1518 1523 1826 1607; x_wconf 88' lang='lat' dir='ltr'>quondam</span> <span class='ocrx_word' id='word_1_62' title='bbox 1867 1524 2246 1589; x_wconf 86' lang='lat' dir='ltr'>adstantibus</span> <span class='ocrx_word' id='word_1_63' title='bbox 2301 1524 2660 1588; x_wconf 83' lang='lat' dir='ltr'>Aristocrito</span> 
     </span>
     <span class='ocr_line' id='line_1_10' title="bbox 658 1641 2662 1727; baseline 0.001 -22"><span class='ocrx_word' id='word_1_64' title='bbox 658 1648 719 1705; x_wconf 92' lang='lat' dir='ltr'>et</span> <span class='ocrx_word' id='word_1_65' title='bbox 780 1641 1155 1705; x_wconf 80' lang='lat' dir='ltr'>Archedemo</span> <span class='ocrx_word' id='word_1_66' title='bbox 1215 1642 1279 1705; x_wconf 93' lang='lat' dir='ltr'>in</span> <span class='ocrx_word' id='word_1_67' title='bbox 1347 1642 1545 1725; x_wconf 84' lang='lat' dir='ltr'>regiae</span> <span class='ocrx_word' id='word_1_68' title='bbox 1622 1642 1798 1706; x_wconf 91' lang='lat' dir='ltr'>horto</span> <span class='ocrx_word' id='word_1_69' title='bbox 1860 1648 2017 1706; x_wconf 88' lang='lat' dir='ltr'>esset</span> <span class='ocrx_word' id='word_1_70' title='bbox 2073 1643 2347 1720; x_wconf 88' lang='lat' dir='ltr'>habitus,</span> <span class='ocrx_word' id='word_1_71' title='bbox 2410 1643 2474 1707; x_wconf 87' lang='lat' dir='ltr'>in</span> <span class='ocrx_word' id='word_1_72' title='bbox 2540 1664 2662 1727; x_wconf 89' lang='lat' dir='ltr'>quo</span> 
     </span>
     <span class='ocr_line' id='line_1_11' title="bbox 656 1759 2662 1846; baseline 0.001 -23"><span class='ocrx_word' id='word_1_73' title='bbox 656 1760 987 1844; x_wconf 84' lang='lat' dir='ltr'>Dionysius</span> <span class='ocrx_word' id='word_1_74' title='bbox 1054 1760 1171 1823; x_wconf 91' lang='lat' dir='ltr'>hoc</span> <span class='ocrx_word' id='word_1_75' title='bbox 1231 1760 1434 1844; x_wconf 87' lang='lat' dir='ltr'>ipsum</span> <span class='ocrx_word' id='word_1_76' title='bbox 1495 1759 1739 1823; x_wconf 89' lang='lat' dir='ltr'>Platoni</span> <span class='ocrx_word' id='word_1_77' title='bbox 1799 1760 2248 1846; x_wconf 84' lang='lat' dir='ltr'>exprobrasset,</span> <span class='ocrx_word' id='word_1_78' title='bbox 2311 1761 2478 1844; x_wconf 91' lang='lat' dir='ltr'>quod</span> <span class='ocrx_word' id='word_1_79' title='bbox 2537 1762 2662 1845; x_wconf 89' lang='lat' dir='ltr'>jus·</span> 
     </span>
     <span class='ocr_line' id='line_1_12' title="bbox 656 1877 2662 1963; baseline 0 -22"><span class='ocrx_word' id='word_1_80' title='bbox 656 1880 832 1941; x_wconf 89' lang='lat' dir='ltr'>sisset</span> <span class='ocrx_word' id='word_1_81' title='bbox 884 1901 947 1941; x_wconf 92' lang='lat' dir='ltr'>se</span> <span class='ocrx_word' id='word_1_82' title='bbox 999 1878 1110 1949; x_wconf 71' lang='grc' dir='ltr'>τὰς</span> <span class='ocrx_word' id='word_1_83' title='bbox 1166 1877 1507 1957; x_wconf 70' lang='grc' dir='ltr'><em>Ἑλληνίδας</em></span> <span class='ocrx_word' id='word_1_84' title='bbox 1554 1880 1750 1951; x_wconf 83' lang='grc' dir='ltr'><em>πόλεις</em></span> <span class='ocrx_word' id='word_1_85' title='bbox 1795 1878 2098 1961; x_wconf 80' lang='grc' dir='ltr'><em>κουφίζειν.</em></span> <span class='ocrx_word' id='word_1_86' title='bbox 2147 1879 2368 1957; x_wconf 87' lang='lat' dir='ltr'>Addit,</span> <span class='ocrx_word' id='word_1_87' title='bbox 2394 1902 2458 1943; x_wconf 90' lang='lat' dir='ltr'>se</span> <span class='ocrx_word' id='word_1_88' title='bbox 2481 1879 2662 1963; x_wconf 81' lang='lat' dir='ltr'>plura</span> 
     </span>
     <span class='ocr_line' id='line_1_13' title="bbox 658 1996 2664 2083; baseline 0 -23"><span class='ocrx_word' id='word_1_89' title='bbox 658 2002 1015 2081; x_wconf 80' lang='lat' dir='ltr'>argumenta</span> <span class='ocrx_word' id='word_1_90' title='bbox 1060 1996 1270 2063; x_wconf 83' lang='lat' dir='ltr'>afferre</span> <span class='ocrx_word' id='word_1_91' title='bbox 1316 2019 1489 2081; x_wconf 91' lang='lat' dir='ltr'>posse</span> <span class='ocrx_word' id='word_1_92' title='bbox 1534 1996 1612 2061; x_wconf 90' lang='lat' dir='ltr'>ad</span> <span class='ocrx_word' id='word_1_93' title='bbox 1659 1997 2039 2083; x_wconf 87' lang='lat' dir='ltr'>probandum</span> <span class='ocrx_word' id='word_1_94' title='bbox 2083 1998 2150 2061; x_wconf 91' lang='lat' dir='ltr'>id</span> <span class='ocrx_word' id='word_1_95' title='bbox 2189 2020 2252 2061; x_wconf 89' lang='lat' dir='ltr'>se</span> <span class='ocrx_word' id='word_1_96' title='bbox 2297 2020 2664 2082; x_wconf 86' lang='lat' dir='ltr'>magnopere</span> 
     </span>
     <span class='ocr_line' id='line_1_14' title="bbox 656 2113 2666 2199; baseline 0 -22"><span class='ocrx_word' id='word_1_97' title='bbox 656 2114 992 2199; x_wconf 85' lang='lat' dir='ltr'>cupivisse,</span> <span class='ocrx_word' id='word_1_98' title='bbox 1040 2113 1405 2198; x_wconf 88' lang='lat' dir='ltr'>Dionysium</span> <span class='ocrx_word' id='word_1_99' title='bbox 1452 2136 1591 2177; x_wconf 90' lang='lat' dir='ltr'>vero</span> <span class='ocrx_word' id='word_1_100' title='bbox 1637 2114 1940 2192; x_wconf 87' lang='lat' dir='ltr'>noluisse,</span> <span class='ocrx_word' id='word_1_101' title='bbox 1989 2115 2041 2179; x_wconf 90' lang='lat' dir='ltr'>si</span> <span class='ocrx_word' id='word_1_102' title='bbox 2087 2138 2286 2179; x_wconf 89' lang='lat' dir='ltr'>coram</span> <span class='ocrx_word' id='word_1_103' title='bbox 2323 2115 2542 2179; x_wconf 91' lang='lat' dir='ltr'>idoneo</span> <span class='ocrx_word' id='word_1_104' title='bbox 2567 2116 2666 2199; x_wconf 87' lang='lat' dir='ltr'>ju-</span> 
     </span>
    </p>
   </div>
   <div class='ocr_carea' id='block_1_3' title="bbox 658 2232 2662 2436">
    <p class='ocr_par' dir='ltr' id='par_1_3' title="bbox 658 2232 2662 2436">
     <span class='ocr_line' id='line_1_15' title="bbox 658 2232 2662 2319; baseline 0 -22"><span class='ocrx_word' id='word_1_105' title='bbox 658 2233 791 2297; x_wconf 88' lang='lat' dir='ltr'>dice</span> <span class='ocrx_word' id='word_1_106' title='bbox 837 2255 1021 2296; x_wconf 89' lang='lat' dir='ltr'>causa</span> <span class='ocrx_word' id='word_1_107' title='bbox 1066 2242 1378 2317; x_wconf 82' lang='lat' dir='ltr'>ageretur,</span> <span class='ocrx_word' id='word_1_108' title='bbox 1436 2232 1489 2297; x_wconf 81' lang='grc' dir='ltr'>εἴ</span> <span class='ocrx_word' id='word_1_109' title='bbox 1529 2256 1616 2305; x_wconf 79' lang='grc' dir='ltr'>τις</span> <span class='ocrx_word' id='word_1_110' title='bbox 1663 2234 1830 2307; x_wconf 70' lang='grc' dir='ltr'><em>ἱκανή</em></span> <span class='ocrx_word' id='word_1_111' title='bbox 1876 2258 1985 2298; x_wconf 79' lang='grc' dir='ltr'>που</span> <span class='ocrx_word' id='word_1_112' title='bbox 2029 2235 2289 2315; x_wconf 69' lang='grc' dir='ltr'><em>φαίνοιτο</em></span> <span class='ocrx_word' id='word_1_113' title='bbox 2335 2236 2530 2314; x_wconf 78' lang='grc' dir='ltr'><em>κρίσις.</em></span> <span class='ocrx_word' id='word_1_114' title='bbox 2579 2234 2662 2319; x_wconf 89' lang='lat' dir='ltr'>(p.</span> 
     </span>
     <span class='ocr_line' id='line_1_16' title="bbox 660 2349 938 2436; baseline 0 -23"><span class='ocrx_word' id='word_1_115' title='bbox 660 2354 785 2413; x_wconf 86' lang='lat'>319</span> <span class='ocrx_word' id='word_1_116' title='bbox 834 2349 938 2436; x_wconf 87' lang='lat' dir='ltr'>D).</span> 
     </span>
    </p>
   </div>
   <div class='ocr_carea' id='block_1_4' title="bbox 658 2586 2736 4327">
    <p class='ocr_par' dir='ltr' id='par_1_4' title="bbox 658 2586 2736 4327">
     <span class='ocr_line' id='line_1_17' title="bbox 748 2586 2736 2673; baseline 0.001 -23"><span class='ocrx_word' id='word_1_117' title='bbox 748 2586 915 2651; x_wconf 87' lang='lat' dir='ltr'>Haec</span> <span class='ocrx_word' id='word_1_118' title='bbox 976 2593 1068 2650; x_wconf 89' lang='lat' dir='ltr'>est</span> <span class='ocrx_word' id='word_1_119' title='bbox 1122 2587 1465 2673; x_wconf 87' lang='lat' dir='ltr'>argumenti</span> <span class='ocrx_word' id='word_1_120' title='bbox 1510 2610 1780 2664; x_wconf 84' lang='lat' dir='ltr'>summa,</span> <span class='ocrx_word' id='word_1_121' title='bbox 1827 2610 1992 2651; x_wconf 89' lang='lat' dir='ltr'>nunc</span> <span class='ocrx_word' id='word_1_122' title='bbox 2038 2587 2113 2652; x_wconf 90' lang='lat' dir='ltr'>de</span> <span class='ocrx_word' id='word_1_123' title='bbox 2167 2588 2459 2672; x_wconf 85' lang='lat' dir='ltr'>epistolae</span> <span class='ocrx_word' id='word_1_124' title='bbox 2504 2609 2665 2651; x_wconf 86' lang='lat' dir='ltr'>com·</span> <span class='ocrx_word' id='word_1_125' title='bbox 2730 2639 2736 2645; x_wconf 89' lang='lat'><strong>.</strong></span> 
     </span>
     <span class='ocr_line' id='line_1_18' title="bbox 658 2704 2667 2791; baseline 0 -22"><span class='ocrx_word' id='word_1_126' title='bbox 658 2706 959 2791; x_wconf 90' lang='lat' dir='ltr'>positione</span> <span class='ocrx_word' id='word_1_127' title='bbox 1007 2714 1069 2769; x_wconf 90' lang='lat' dir='ltr'>et</span> <span class='ocrx_word' id='word_1_128' title='bbox 1114 2705 1190 2769; x_wconf 91' lang='lat' dir='ltr'>de</span> <span class='ocrx_word' id='word_1_129' title='bbox 1234 2728 1437 2775; x_wconf 84' lang='lat' dir='ltr'>rerum</span> <span class='ocrx_word' id='word_1_130' title='bbox 1483 2707 1844 2772; x_wconf 86' lang='lat' dir='ltr'>tractatione</span> <span class='ocrx_word' id='word_1_131' title='bbox 1889 2707 2098 2791; x_wconf 85' lang='lat' dir='ltr'>paucis</span> <span class='ocrx_word' id='word_1_132' title='bbox 2143 2706 2474 2771; x_wconf 82' lang='lat' dir='ltr'>videamus,</span> <span class='ocrx_word' id='word_1_133' title='bbox 2521 2704 2667 2791; x_wconf 79' lang='lat' dir='ltr'>Epi-</span> 
     </span>
     <span class='ocr_line' id='line_1_19' title="bbox 660 2824 2664 2911; baseline 0 -24"><span class='ocrx_word' id='word_1_134' title='bbox 660 2825 879 2889; x_wconf 88' lang='lat' dir='ltr'>stolam</span> <span class='ocrx_word' id='word_1_135' title='bbox 941 2825 1097 2889; x_wconf 89' lang='lat' dir='ltr'>hanc</span> <span class='ocrx_word' id='word_1_136' title='bbox 1160 2847 1287 2889; x_wconf 85' lang='lat' dir='ltr'>esse</span> <span class='ocrx_word' id='word_1_137' title='bbox 1338 2824 1715 2911; x_wconf 82' lang='lat' dir='ltr'>apologiam,</span> <span class='ocrx_word' id='word_1_138' title='bbox 1767 2824 1843 2889; x_wconf 88' lang='lat' dir='ltr'>ad</span> <span class='ocrx_word' id='word_1_139' title='bbox 1888 2825 2373 2911; x_wconf 87' lang='lat' dir='ltr'>redarguendum</span> <span class='ocrx_word' id='word_1_140' title='bbox 2417 2826 2664 2909; x_wconf 90' lang='lat' dir='ltr'>iniquos</span> 
     </span>
     <span class='ocr_line' id='line_1_20' title="bbox 658 2941 2665 3032; baseline -0.001 -25"><span class='ocrx_word' id='word_1_141' title='bbox 658 2964 929 3007; x_wconf 87' lang='lat' dir='ltr'>rumores</span> <span class='ocrx_word' id='word_1_142' title='bbox 991 2942 1099 3026; x_wconf 84' lang='lat' dir='ltr'>qui</span> <span class='ocrx_word' id='word_1_143' title='bbox 1159 2964 1195 3005; x_wconf 91' lang='lat' dir='ltr'>a</span> <span class='ocrx_word' id='word_1_144' title='bbox 1254 2941 1550 3032; x_wconf 80' lang='lat' dir='ltr'>Dionysio</span> <span class='ocrx_word' id='word_1_145' title='bbox 1597 2943 1846 3025; x_wconf 88' lang='lat' dir='ltr'>eiusque</span> <span class='ocrx_word' id='word_1_146' title='bbox 1891 2942 2361 3008; x_wconf 85' lang='lat' dir='ltr'>assentatoribus</span> <span class='ocrx_word' id='word_1_147' title='bbox 2405 2942 2482 3005; x_wconf 93' lang='lat' dir='ltr'>de</span> <span class='ocrx_word' id='word_1_148' title='bbox 2528 2941 2665 3007; x_wconf 89' lang='lat' dir='ltr'>Pla-</span> 
     </span>
     <span class='ocr_line' id='line_1_21' title="bbox 659 3058 2663 3145; baseline 0 -22"><span class='ocrx_word' id='word_1_149' title='bbox 659 3066 802 3124; x_wconf 88' lang='lat' dir='ltr'>tone</span> <span class='ocrx_word' id='word_1_150' title='bbox 856 3060 1048 3145; x_wconf 86' lang='lat' dir='ltr'>sparsi</span> <span class='ocrx_word' id='word_1_151' title='bbox 1094 3066 1295 3125; x_wconf 89' lang='lat' dir='ltr'>essent</span> <span class='ocrx_word' id='word_1_152' title='bbox 1340 3060 1732 3145; x_wconf 86' lang='lat' dir='ltr'>compositam</span> <span class='ocrx_word' id='word_1_153' title='bbox 1749 3108 1767 3136; x_wconf 93' lang='lat'><em>‚</em></span> <span class='ocrx_word' id='word_1_154' title='bbox 1815 3058 2088 3125; x_wconf 87' lang='lat' dir='ltr'>indicant</span> <span class='ocrx_word' id='word_1_155' title='bbox 2131 3058 2322 3145; x_wconf 89' lang='lat' dir='ltr'>ipsius</span> <span class='ocrx_word' id='word_1_156' title='bbox 2371 3060 2663 3145; x_wconf 84' lang='lat' dir='ltr'>epistolae</span> 
     </span>
     <span class='ocr_line' id='line_1_22' title="bbox 658 3178 2665 3263; baseline 0 -21"><span class='ocrx_word' id='word_1_157' title='bbox 658 3180 873 3245; x_wconf 85' lang='lat' dir='ltr'>verba:</span> <span class='ocrx_word' id='word_1_158' title='bbox 921 3181 1059 3259; x_wconf 79' lang='grc' dir='ltr'>πρὸς</span> <span class='ocrx_word' id='word_1_159' title='bbox 1105 3178 1197 3245; x_wconf 75' lang='grc' dir='ltr'>δύο</span> <span class='ocrx_word' id='word_1_160' title='bbox 1235 3180 1302 3255; x_wconf 77' lang='grc' dir='ltr'>δή</span> <span class='ocrx_word' id='word_1_161' title='bbox 1332 3202 1427 3255; x_wconf 78' lang='grc' dir='ltr'>μοι</span> <span class='ocrx_word' id='word_1_162' title='bbox 1458 3178 1788 3263; x_wconf 66' lang='grc' dir='ltr'>(διαβολὰς)</span> <span class='ocrx_word' id='word_1_163' title='bbox 1811 3178 2010 3249; x_wconf 69' lang='grc' dir='ltr'><em>διττὰς</em></span> <span class='ocrx_word' id='word_1_164' title='bbox 2039 3180 2358 3255; x_wconf 69' lang='grc' dir='ltr'><em>ἆνκγκοιῖον</em></span> <span class='ocrx_word' id='word_1_165' title='bbox 2391 3180 2665 3255; x_wconf 76' lang='grc' dir='ltr'><em>ποιήσαισ-</em></span> 
     </span>
     <span class='ocr_line' id='line_1_23' title="bbox 660 3296 2662 3383; baseline -0.003 -19"><span class='ocrx_word' id='word_1_166' title='bbox 660 3301 749 3364; x_wconf 79' lang='grc' dir='ltr'>θκι</span> <span class='ocrx_word' id='word_1_167' title='bbox 782 3298 893 3369; x_wconf 72' lang='grc' dir='ltr'>τὰς</span> <span class='ocrx_word' id='word_1_168' title='bbox 922 3299 1271 3375; x_wconf 69' lang='grc' dir='ltr'><em>ἀπολογίαις.</em></span> <span class='ocrx_word' id='word_1_169' title='bbox 1333 3297 1583 3381; x_wconf 87' lang='lat' dir='ltr'>Itaque,</span> <span class='ocrx_word' id='word_1_170' title='bbox 1617 3319 1984 3381; x_wconf 87' lang='lat' dir='ltr'>quamquam</span> <span class='ocrx_word' id='word_1_171' title='bbox 2013 3296 2306 3383; x_wconf 83' lang='lat' dir='ltr'>inscripta</span> <span class='ocrx_word' id='word_1_172' title='bbox 2334 3296 2629 3379; x_wconf 89' lang='lat' dir='ltr'>Dionysio</span> <span class='ocrx_word' id='word_1_173' title='bbox 2643 3344 2662 3374; x_wconf 92' lang='lat'>‚</span> 
     </span>
     <span class='ocr_line' id='line_1_24' title="bbox 662 3415 2665 3504; baseline -0.001 -24"><span class='ocrx_word' id='word_1_174' title='bbox 662 3416 963 3481; x_wconf 86' lang='lat' dir='ltr'>destinata</span> <span class='ocrx_word' id='word_1_175' title='bbox 1014 3424 1212 3483; x_wconf 87' lang='lat' dir='ltr'>tamen</span> <span class='ocrx_word' id='word_1_176' title='bbox 1264 3423 1353 3481; x_wconf 87' lang='lat' dir='ltr'>est</span> <span class='ocrx_word' id='word_1_177' title='bbox 1401 3424 1471 3479; x_wconf 90' lang='lat' dir='ltr'>ut</span> <span class='ocrx_word' id='word_1_178' title='bbox 1513 3417 1581 3482; x_wconf 91' lang='lat' dir='ltr'>in</span> <span class='ocrx_word' id='word_1_179' title='bbox 1623 3416 1937 3504; x_wconf 86' lang='lat' dir='ltr'>publicum</span> <span class='ocrx_word' id='word_1_180' title='bbox 1969 3416 2246 3481; x_wconf 86' lang='lat' dir='ltr'>ederetur</span> <span class='ocrx_word' id='word_1_181' title='bbox 2275 3424 2336 3481; x_wconf 89' lang='lat' dir='ltr'>et</span> <span class='ocrx_word' id='word_1_182' title='bbox 2365 3416 2552 3499; x_wconf 86' lang='lat' dir='ltr'>vulgo</span> <span class='ocrx_word' id='word_1_183' title='bbox 2583 3415 2665 3479; x_wconf 94' lang='lat' dir='ltr'>le—</span> 
     </span>
     <span class='ocr_line' id='line_1_25' title="bbox 662 3534 2663 3622; baseline -0 -23"><span class='ocrx_word' id='word_1_184' title='bbox 662 3543 903 3620; x_wconf 88' lang='lat' dir='ltr'>geretur</span> <span class='ocrx_word' id='word_1_185' title='bbox 917 3562 936 3615; x_wconf 66' lang='grc'><strong><em>5</em></strong></span> <span class='ocrx_word' id='word_1_186' title='bbox 1000 3535 1273 3620; x_wconf 73' lang='lat' dir='ltr'>alioquin</span> <span class='ocrx_word' id='word_1_187' title='bbox 1316 3535 1515 3603; x_wconf 86' lang='lat' dir='ltr'>inanis</span> <span class='ocrx_word' id='word_1_188' title='bbox 1563 3535 1830 3622; x_wconf 83' lang='lat' dir='ltr'>profecto</span> <span class='ocrx_word' id='word_1_189' title='bbox 1875 3535 2089 3603; x_wconf 88' lang='lat' dir='ltr'>fuisset</span> <span class='ocrx_word' id='word_1_190' title='bbox 2133 3534 2482 3601; x_wconf 84' lang='lat' dir='ltr'>istiusmodi</span> <span class='ocrx_word' id='word_1_191' title='bbox 2521 3555 2663 3598; x_wconf 90' lang='lat' dir='ltr'>cum</span> 
     </span>
     <span class='ocr_line' id='line_1_26' title="bbox 660 3652 2668 3740; baseline -0.002 -21"><span class='ocrx_word' id='word_1_192' title='bbox 660 3663 917 3740; x_wconf 84' lang='lat' dir='ltr'>tyranno</span> <span class='ocrx_word' id='word_1_193' title='bbox 964 3662 1025 3719; x_wconf 89' lang='lat' dir='ltr'>et</span> <span class='ocrx_word' id='word_1_194' title='bbox 1068 3655 1314 3725; x_wconf 85' lang='lat' dir='ltr'>inimico</span> <span class='ocrx_word' id='word_1_195' title='bbox 1360 3654 1787 3739; x_wconf 80' lang='lat' dir='ltr'>expostulatiO.</span> <span class='ocrx_word' id='word_1_196' title='bbox 1855 3652 1993 3722; x_wconf 84' lang='lat' dir='ltr'>Jam</span> <span class='ocrx_word' id='word_1_197' title='bbox 2038 3654 2150 3718; x_wconf 86' lang='lat' dir='ltr'>tali</span> <span class='ocrx_word' id='word_1_198' title='bbox 2195 3653 2448 3717; x_wconf 89' lang='lat' dir='ltr'>consilio</span> <span class='ocrx_word' id='word_1_199' title='bbox 2491 3676 2668 3737; x_wconf 90' lang='lat' dir='ltr'>argu-</span> 
     </span>
     <span class='ocr_line' id='line_1_27' title="bbox 660 3770 2666 3858; baseline -0.001 -23"><span class='ocrx_word' id='word_1_200' title='bbox 660 3780 936 3836; x_wconf 89' lang='lat' dir='ltr'>mentum</span> <span class='ocrx_word' id='word_1_201' title='bbox 982 3772 1270 3857; x_wconf 83' lang='lat' dir='ltr'>epistolae</span> <span class='ocrx_word' id='word_1_202' title='bbox 1316 3794 1531 3858; x_wconf 88' lang='lat' dir='ltr'>parum</span> <span class='ocrx_word' id='word_1_203' title='bbox 1577 3771 1920 3857; x_wconf 88' lang='lat' dir='ltr'>respondet.</span> <span class='ocrx_word' id='word_1_204' title='bbox 2012 3770 2208 3836; x_wconf 84' lang='lat' dir='ltr'>Priori</span> <span class='ocrx_word' id='word_1_205' title='bbox 2255 3770 2666 3835; x_wconf 87' lang='lat' dir='ltr'>criminationi</span> 
     </span>
     <span class='ocr_line' id='line_1_28' title="bbox 659 3888 2666 3975; baseline -0.002 -20"><span class='ocrx_word' id='word_1_206' title='bbox 659 3892 819 3955; x_wconf 88' lang='lat' dir='ltr'>inter</span> <span class='ocrx_word' id='word_1_207' title='bbox 892 3889 1297 3975; x_wconf 80' lang='lat' dir='ltr'>Syracusanos</span> <span class='ocrx_word' id='word_1_208' title='bbox 1372 3890 1681 3974; x_wconf 86' lang='lat' dir='ltr'>quondam</span> <span class='ocrx_word' id='word_1_209' title='bbox 1757 3912 1996 3975; x_wconf 89' lang='lat' dir='ltr'>sparsae</span> <span class='ocrx_word' id='word_1_210' title='bbox 2013 3938 2034 3969; x_wconf 82' lang='lat'><em>,</em></span> <span class='ocrx_word' id='word_1_211' title='bbox 2105 3888 2269 3973; x_wconf 90' lang='lat' dir='ltr'>quod</span> <span class='ocrx_word' id='word_1_212' title='bbox 2333 3888 2666 3972; x_wconf 85' lang='lat' dir='ltr'>Dionysius</span> 
     </span>
     <span class='ocr_line' id='line_1_29' title="bbox 659 4006 2662 4095; baseline -0.001 -23"><span class='ocrx_word' id='word_1_213' title='bbox 659 4030 1077 4093; x_wconf 85' lang='lat' dir='ltr'>quaecumque</span> <span class='ocrx_word' id='word_1_214' title='bbox 1140 4008 1461 4095; x_wconf 85' lang='lat' dir='ltr'>superbius</span> <span class='ocrx_word' id='word_1_215' title='bbox 1531 4015 1734 4093; x_wconf 83' lang='lat' dir='ltr'>ageret</span> <span class='ocrx_word' id='word_1_216' title='bbox 1790 4007 2043 4073; x_wconf 86' lang='lat' dir='ltr'>Platone</span> <span class='ocrx_word' id='word_1_217' title='bbox 2101 4014 2350 4071; x_wconf 90' lang='lat' dir='ltr'>auctore</span> <span class='ocrx_word' id='word_1_218' title='bbox 2405 4006 2628 4071; x_wconf 85' lang='lat' dir='ltr'>faceret</span> <span class='ocrx_word' id='word_1_219' title='bbox 2643 4056 2662 4084; x_wconf 91' lang='lat'><em>‚</em></span> 
     </span>
     <span class='ocr_line' id='line_1_30' title="bbox 658 4124 2668 4211; baseline -0.002 -19"><span class='ocrx_word' id='word_1_220' title='bbox 658 4127 899 4211; x_wconf 83' lang='lat' dir='ltr'>reponit</span> <span class='ocrx_word' id='word_1_221' title='bbox 941 4126 1091 4205; x_wconf 87' lang='lat' dir='ltr'>hoc,</span> <span class='ocrx_word' id='word_1_222' title='bbox 1140 4125 1307 4210; x_wconf 92' lang='lat' dir='ltr'>quod</span> <span class='ocrx_word' id='word_1_223' title='bbox 1352 4126 1530 4211; x_wconf 87' lang='lat' dir='ltr'>pulso</span> <span class='ocrx_word' id='word_1_224' title='bbox 1578 4126 1776 4193; x_wconf 86' lang='lat' dir='ltr'>Dione</span> <span class='ocrx_word' id='word_1_225' title='bbox 1819 4126 2030 4189; x_wconf 89' lang='lat' dir='ltr'>nullus</span> <span class='ocrx_word' id='word_1_226' title='bbox 2077 4124 2191 4191; x_wconf 90' lang='lat' dir='ltr'>sibi</span> <span class='ocrx_word' id='word_1_227' title='bbox 2236 4146 2436 4188; x_wconf 86' lang='lat' dir='ltr'>rerum</span> <span class='ocrx_word' id='word_1_228' title='bbox 2469 4124 2668 4209; x_wconf 90' lang='lat' dir='ltr'>publi-</span> 
     </span>
     <span class='ocr_line' id='line_1_31' title="bbox 661 4235 2663 4327; baseline -0.001 -17"><span class='ocrx_word' id='word_1_229' title='bbox 661 4267 864 4311; x_wconf 87' lang='lat' dir='ltr'>carum</span> <span class='ocrx_word' id='word_1_230' title='bbox 912 4244 1358 4311; x_wconf 79' lang='lat' dir='ltr'>tractandarum</span> <span class='ocrx_word' id='word_1_231' title='bbox 1408 4244 1578 4311; x_wconf 87' lang='lat' dir='ltr'>locus</span> <span class='ocrx_word' id='word_1_232' title='bbox 1625 4248 1782 4309; x_wconf 89' lang='lat' dir='ltr'>esset</span> <span class='ocrx_word' id='word_1_233' title='bbox 1823 4242 2107 4309; x_wconf 85' lang='lat' dir='ltr'>relictus:</span> <span class='ocrx_word' id='word_1_234' title='bbox 2157 4235 2245 4323; x_wconf 68' lang='grc' dir='ltr'>ἄρ’</span> <span class='ocrx_word' id='word_1_235' title='bbox 2290 4239 2380 4307; x_wconf 80' lang='grc' dir='ltr'>οὖν</span> <span class='ocrx_word' id='word_1_236' title='bbox 2425 4240 2520 4307; x_wconf 76' lang='grc' dir='ltr'>οἴει</span> <span class='ocrx_word' id='word_1_237' title='bbox 2566 4266 2663 4327; x_wconf 76' lang='grc' dir='ltr'>μοι</span> 
     </span>
    </p>
   </div>
  </div>
 </body>
</html>
