3092 5084
1402 485 1521 545 151

459 690 663 771 (quem
724 688 924 752 locum
970 710 1112 752 mox
1156 688 1576 773 tractabimus)
1643 697 1896 777 apparet
1949 690 2362 776 Hipparinum
2409 714 2479 755 eo

461 813 730 890 tempore
778 830 1036 891 puerum
1081 808 1271 871 fuisse
1315 808 1417 871 vix
1460 816 1694 894 septem
1741 830 2038 873 annorum
2056 859 2072 890 ,
2120 796 2204 874 ut·
2237 808 2481 873 demon-

462 925 675 988 stravit
720 923 1006 989 Salomon
1052 924 1314 1009 (dissert.
1363 925 1529 990 laud.
1566 949 1624 1011 p.
1665 929 1770 1012 13)
1788 953 1805 1003 ;
1855 925 2133 1013 Nysaeus
2167 934 2368 992 autem
2401 950 2478 991 ne

462 1042 621 1106 hanc
661 1042 908 1127 quidem
954 1051 1214 1108 aetatem
1260 1045 1565 1129 attigerat.
1640 1044 1810 1126 Quid
1858 1053 2064 1110 autem
2110 1049 2316 1131 pueris
2362 1046 2482 1109 ista
2589 1044 2608 1069 ‘

462 1168 659 1249 aetate
705 1184 845 1226 cum
891 1162 1321 1248 philosophia?
1368 1171 1475 1227 aut
1521 1186 1705 1247 quam
1752 1165 1873 1227 vim
1921 1163 1996 1227 ad
2043 1164 2324 1248 Dionysii
2355 1166 2480 1230 ani·

463 1302 632 1343 mum
686 1280 1054 1345 movendum
1105 1282 1385 1346 habuisse
1432 1282 1694 1367 putandi
1739 1282 1922 1346 sunt?

553 1397 629 1461 In
674 1400 1095 1483 turpissimum
1142 1422 1282 1464 vero
1330 1422 1591 1465 errorem
1622 1400 1840 1465 incidit
1880 1402 2138 1486 scriptor
2166 1400 2477 1487 Epistolae

464 1516 660 1595 VIII,
735 1518 842 1602 qui
902 1512 1119 1583 Dionis
1174 1519 1367 1583 filium
1431 1498 1668 1584 dudum
1731 1528 1871 1584 ante
1933 1521 2056 1584 vita
2120 1519 2478 1586 defunctum

464 1644 893 1701 commemorat
954 1640 1128 1723 quasi
1190 1638 1390 1703 adhuc
1446 1640 1509 1703 in
1558 1640 1710 1702 vivis
1757 1647 1934 1703 esset.
2027 1638 2307 1704 Eundem
2356 1640 2480 1725 lap-

465 1777 601 1819 sum
661 1756 726 1819 in
782 1756 1027 1821 exordio
1089 1756 1400 1842 Epistolae
1447 1757 1578 1821 VII
1636 1758 1921 1822 nonnulli
1967 1756 2480 1842 deprenhendisse

464 1873 584 1939 sibi.
640 1873 755 1939 visi
812 1883 959 1939 sunt
974 1925 992 1954 ,
1052 1898 1239 1959 quare
1285 1876 1550 1962 primum
1597 1878 1762 1941 hune
1815 1876 2020 1940 locum
2074 1879 2334 1940 tractare
2380 1878 2478 1962 ju-

461 2000 590 2074 vat,
650 2015 773 2078 quo
833 1992 1141 2058 illustrato
1202 1994 1278 2057 de
1340 1994 1592 2058 alterius
1654 2015 1854 2058 errore
1914 1994 1980 2057 in
2026 2002 2318 2079 promptu
2365 1994 2480 2057 erit

455 2111 749 2197 judicare.

553 2348 743 2413 Initio
788 2348 1102 2436 Epistulae
1148 2348 1277 2425 VH
1320 2349 1498 2413 Plato
1562 2349 1636 2413 de
1682 2350 1878 2435 primo
1941 2370 2053 2413 suo
2099 2349 2368 2413 adventu
2414 2350 2479 2412 111

464 2468 735 2533 Siciliam
776 2477 1071 2555 regnante
1116 2468 1412 2555 Dionysio
1456 2470 1684 2533 maiore
1729 2468 1986 2553 loquens
2003 2518 2022 2546 ‚
2087 2468 2235 2531 haec
2281 2466 2474 2531 dicit:

465 2586 561 2653 ὅτε
605 2588 723 2667 γὰρ
768 2591 903 2653 κατ’
948 2588 1145 2669 ἀρχὰς
1207 2587 1287 2660 εἰς
1347 2588 1723 2668 Συρακούσας
1786 2589 1902 2664 ἐγὼ
1946 2587 2248 2668 ἀφικόμην
2263 2634 2281 2668 ,
2332 2610 2478 2666 σχε-

464 2707 553 2771 δὸν
615 2707 714 2781 ἔτη
776 2705 1215 2786 τετταράκοντα
1276 2706 1526 2783 γεγονὼς
1542 2754 1562 2783 ,
1613 2706 1763 2771 Δίων
1809 2700 1941 2786 εἶχε
1985 2706 2090 2779 τὴν
2137 2705 2366 2779 ἠλικίαν
2413 2699 2479 2779 ἣν

464 2825 547 2889 τὰ
593 2832 687 2889 νῦν
732 2826 1055 2904 Ἱππαρῖνος
1102 2826 1309 2903 γέγονε
1324 2874 1342 2907 ,
1391 2824 1489 2889 καὶ
1535 2821 1600 2899 ἣν
1647 2824 1793 2905 ἔσχε
1837 2825 1973 2889 τότε
2019 2822 2208 2901 δόξαν,
2257 2824 2480 2898 ταύτην

465 2946 563 3010 καὶ
612 2944 927 3010 διετέλεσεν
970 2944 1123 3025 ἔχων
1139 2994 1157 3027 ,
1208 2945 1620 3026 Συρακουσίους
1666 2945 1874 3010 οἴεσθαι
1919 2944 2030 3010 δεῖν
2063 2944 2376 3026 ἐλευθέρους
2409 2940 2482 3009 εἶ-

467 3088 587 3141 ναι,
634 3064 797 3128 κατὰ
842 3061 1043 3141 νόμους
1100 3066 1230 3135 τοὺς
1276 3064 1539 3143 ἀρίστους
1587 3066 1874 3136 οἰκοῦντας
1896 3084 1911 3099 ·
1959 3061 2107 3128 ὥστε
2153 3062 2305 3127 οὐδὲν
2351 3064 2484 3127 Oxu-

402 3223 411 3233 ·
467 3182 728 3259 μαστὸν,
776 3180 831 3246 εἴ
886 3206 975 3254 τις
1036 3184 1167 3246 θεῶν
1226 3184 1325 3245 ’καὶ
1385 3188 1581 3247 τοῦτον
1637 3184 1717 3252 εἰς
1763 3184 1868 3256 τὴν
1913 3183 2096 3255 αὐτὴν
2142 3179 2309 3256 δόξαν
2353 3179 2482 3260 περὶ

468 3302 767 3372 πολιτείας
824 3303 1008 3377 ἐκείνῃ)
1056 3302 1317 3378 γενέσθαι
1363 3299 1670 3382 ξύμφωνον
1716 3302 2004 3391 ποιήσειε,
2032 3300 2093 3363 h.
2143 3322 2194 3363 e.
2243 3321 2483 3383 „quum

468 3421 734 3505 primum
792 3420 1119 3505 Syracusas
1172 3421 1469 3485 venissem
1484 3470 1504 3499 ,
1554 3442 1744 3485 annos
1791 3420 2032 3484 circiter
2077 3417 2483 3504 quadraginta

468 3546 681 3617 natuS,
739 3539 859 3602 Dio
906 3561 977 3602 ea
1021 3547 1149 3603 erat
1196 3546 1390 3603 aetate
1436 3562 1560 3623 qua
1601 3560 1770 3603 nunc
1816 3545 1906 3602 est
1954 3537 2370 3624 HipparinuS,
2420 3544 2483 3601 et

470 3681 653 3743 quam
698 3658 801 3723 ille
846 3668 995 3723 tunc
1025 3657 1287 3722 habebat
1320 3659 1716 3735 sententiam,
1750 3658 1815 3722 in
1848 3680 1918 3721 ea
1940 3657 2374 3742 perseveravit,
2411 3664 2485 3719 ut

470 3778 879 3863 Syracusanos
917 3778 1139 3844 liberos
1180 3800 1309 3842 esse
1348 3778 1567 3843 debere
1614 3784 1918 3856 censeret,
1967 3776 2214 3861 optimis
2243 3775 2484 3859 legibus

471 3905 743 3976 utentes;
794 3919 979 3982 quare
1024 3899 1246 3962 mirum
1305 3919 1431 3963 non
1463 3904 1586 3975 est,
1621 3898 1673 3961 si
1705 3896 1855 3961 deus
1887 3896 2110 3981 aliquis
2143 3896 2306 3958 hunc
2340 3916 2488 3978 quo—

473 4039 589 4101 que
634 4016 1096 4103 (Hipparinum)
1141 4018 1207 4081 111
1254 4017 1463 4080 eadem
1509 4016 1586 4081 de
1631 4016 1946 4102 republica
1989 4014 2305 4079 voluntate
2347 4035 2486 4077 cum

470 4134 577 4199 illo
617 4135 1095 4199 consentientem
1125 4135 1367 4199 faciat.”
1421 4135 1699 4200 Fuerunt
1731 4143 1932 4200 autem
1967 4133 2090 4198 duo
2123 4132 2478 4217 Hipparini:

474 4254 625 4319 alter
661 4255 881 4319 Dionis
926 4253 1091 4351 filius
1136 4276 1208 4317 ex
1255 4256 1439 4318 Arete
1454 4304 1473 4331 ,
1521 4255 1740 4344 prioris
1788 4252 2068 4347 Dionysii
2113 4252 2236 4315 filia
2247 4301 2264 4337 2
2299 4259 2480 4322 natus
