3092 5084
1406 473 1528 533 109

460 676 522 754 ἦν
581 702 725 743 ποτε
785 678 1155 754 κατέστησαν
1220 680 1268 743 οἱ
1316 678 1561 760 πατέρες
1611 681 1766 758 ὑμῶν
1811 681 1891 752 εἷς
1937 681 2180 763 άποριάν
2223 681 2478 755 ἔλθοντες

456 798 561 871 τὴν
608 794 853 862 ἅπασαν
869 847 887 875 ,
937 797 1054 862 τόθ’
1100 796 1195 863 ὅτε
1250 796 1493 870 κίνδυνος
1540 798 1770 877 ἐγένετο
1817 797 2070 879 ἔσχατος
2118 802 2360 883 Σικελίᾳ
2403 812 2476 883 τῇ

456 920 565 980 τῶν
605 917 896 991 Ἑλλήνων
944 916 1052 981 ὑπὸ
1097 916 1493 997 Καρχηδονίων
1538 914 1871 982 άνάστατον
1923 914 2057 993 ἕλην
2103 918 2478 1001 ἐκβαρβαρω-

457 1035 648 1097 θεῖσαν
694 1032 977 1109 γενέσθαι.
1026 1032 1197 1113 Quid
1241 1033 1439 1098 verbis
1483 1032 1805 1111 ξυγγενεία
1850 1034 1965 1111 μία
2009 1035 2104 1100 διὰ
2128 1036 2326 1107 τέλους
2361 1036 2477 1119 sig-

456 1134 737 1215 nificetur
780 1154 1060 1238 conjectu
1106 1152 1349 1217 difficile
1396 1160 1584 1230 esset,
1617 1154 1739 1218 nisi
1759 1176 1856 1219 res
1878 1153 2193 1218 indicaret.
2241 1154 2476 1217 Intelli-

456 1272 623 1354 gitur
682 1294 899 1357 nempe
952 1272 1086 1336 hoc.
1160 1270 1299 1353 Quo
1346 1280 1619 1358 tempore
1665 1283 1864 1337 metus
1913 1281 2040 1337 erat
2089 1296 2167 1337 ne
2211 1280 2342 1337 tota
2386 1272 2474 1337 Si-

457 1390 597 1454 cilia
650 1413 687 1455 a
736 1389 1340 1475 Carthaginiensibus
1387 1393 1853 1477 opprimeretur,
1905 1393 2064 1456 cives
2109 1391 2473 1477 Syracusani

456 1509 781 1593 imperium
840 1508 1209 1574 mandarunt
1253 1510 1495 1575 duobus
1542 1512 1689 1574 viris
1736 1511 2127 1595 propinquiS,
2176 1510 2472 1594 Dionysio

383 1616 391 1623 ’
456 1634 517 1691 et
574 1627 916 1713 Hipparino
932 1679 950 1707 ,
998 1628 1161 1694 unde
1211 1631 1339 1694 nati
1384 1630 1718 1723 Dionysius
1767 1637 1828 1693 et
1866 1628 2248 1714 Hipparinus
2274 1629 2474 1713 junio-

454 1770 568 1810 reS.
662 1747 841 1811 Hanc
902 1748 1091 1832 igitur
1152 1750 1497 1834 principum
1561 1749 1852 1813 familiam
1915 1747 2064 1811 dicit
2123 1746 2471 1823 ξυγγενείαν

452 1866 630 1943 μίανς
681 1868 831 1931 scite
861 1875 1065 1931 autem
1096 1867 1294 1931 addit:
1329 1868 1423 1933 διὰ
1452 1869 1653 1939 τέλους
1685 1865 1890 1948 άρχει,
1913 1872 2198 1949 perpetuo
2229 1874 2432 1948 reynat
2448 1916 2466 1943 ,

454 1984 631 2047 ambo
676 1984 907 2049 scilicet
951 2008 1136 2070 regno
1183 2010 1373 2071 paene
1420 1986 1648 2050 orbati!
1743 1985 1855 2049 Est
1901 1985 2059 2049 illud
2093 1984 2466 2048 abstractum

452 2124 561 2187 pro
624 2110 937 2181 concrete,
1002 2105 1166 2188 quod
1228 2104 1452 2169 dicitur
1473 2156 1489 2181 ,
1556 2104 1702 2167 satis
1758 2104 1982 2167 durum
1998 2131 2016 2181 ;
2065 2102 2262 2167 simile
2309 2104 2424 2167 hoc
2445 2153 2462 2180 ,

453 2220 647 2307 Epist.
699 2220 855 2299 VII,
904 2244 963 2307 p.
999 2225 1127 2285 344
1158 2222 1251 2286 D:
1300 2224 1377 2295 εἰς
1424 2224 1717 2303 άναρχίαν
1764 2222 1862 2287 καὶ
1893 2222 2216 2300 άπρεπείαν
2249 2221 2468 2299 ἐκβάλ-

450 2354 604 2422 λειν,
651 2340 713 2403 h.
764 2363 815 2403 e.
864 2340 1145 2425 evulgare
1189 2342 1254 2404 in
1292 2340 1407 2405 vile
1436 2342 1641 2423 vulqus
1724 2339 2190 2403 Animadvertas
2223 2361 2467 2423 quoque

450 2458 763 2522 cumulata
823 2458 1123 2543 epitheta:
1188 2460 1266 2530 εἷς
1326 2459 1567 2539 άπορίαν
1628 2460 1750 2532 τὴν
1819 2457 2154 2533 άπάσαν,
2224 2458 2467 2529 κίνδυνος

448 2578 795 2657 ἔσχατος,
832 2578 1163 2643 άνάστατον
1201 2576 1366 2652 ὅλην
1406 2576 1950 2658 ἐκβαρβαρωθεῖσαν
1982 2577 2270 2653 γένεσθαι.
2320 2578 2466 2640 Am-

450 2696 673 2781 pullae.
737 2694 1008 2760 Verbum
1065 2702 1267 2761 autem
1314 2695 1688 2776 ἐκβαρβαρόω
1708 2745 1725 2772 ,
1775 2696 1889 2758 etsi
1935 2717 2042 2779 per
2089 2718 2151 2759 se
2198 2695 2429 2759 bonum
2445 2744 2465 2772 ,

448 2814 615 2898 apud
660 2813 978 2879 Platonem
1021 2836 1147 2878 non
1193 2814 1439 2898 legitur.

538 2932 795 3017 Pinguis
868 2939 928 2997 et
988 2933 1265 3018 adipatae
1328 2932 1612 2997 dictionis
1677 2931 2020 3016 exemplum
2082 2931 2256 2995 offert
2318 2930 2465 2996 haec

448 3053 751 3119 sententia
795 3076 855 3137 p.
905 3055 1030 3117 353
1080 3051 1171 3116 D:
1220 3058 1314 3118 νῦν
1359 3052 1407 3117 δ’
1430 3054 1630 3117 ἐννοεῖν
1687 3052 1842 3129 ὑμᾶς
1882 3052 2246 3135 ἀμφοτέρους
2283 3053 2464 3132 χρεὼν

445 3172 545 3237 καὶ
605 3173 1171 3249 άναμιμνήσκεσθαι,
1234 3170 1476 3243 ποσάκις
1536 3172 1592 3235 ἐν
1637 3170 1824 3236 ἐλπίδι
1872 3171 2120 3251 ἑκάτεροι
2167 3169 2462 3247 γεγόνοστε

446 3296 547 3355 τοῦ
608 3296 702 3355 νῦν
760 3289 966 3355 οἴεσθαι
1026 3290 1233 3371 σχεδὸν
1291 3291 1386 3353 ozel
1442 3314 1587 3361 τινος
1631 3294 1867 3367 σμικροῦ
1913 3290 2154 3359 ἐπιδεεῖς
2202 3284 2345 3354 εἶναι
2392 3289 2459 3353 τὸ

447 3410 532 3485 μὴ
592 3407 795 3473 πάντα
837 3409 997 3473 κατα
1042 3414 1164 3474 νοῦν
1209 3408 1503 3488 πράττειν.
1598 3405 1848 3486 Quanta
1892 3406 2080 3471 moles
2139 3407 2458 3471 verborum

447 3548 584 3610 pro:
631 3528 1171 3604 ἀναμιμνήσκεσθαι
1189 3578 1206 3602 ,
1255 3523 1497 3597 ποσάκις
1546 3527 1604 3589 ἐν
1649 3524 1838 3589 ἐλπίδι
1885 3526 1968 3588 ἑκ.
2017 3524 2308 3602 γεγόνατε
2341 3525 2460 3608 (vel

446 3642 688 3716 ποσάκις
733 3644 968 3729 ᾠήθητε)
1014 3650 1109 3710 νῦν
1154 3646 1351 3722 ὅλιγοῦ
1398 3643 1512 3707 δεῖν
1556 3642 1758 3708 πάντα
1811 3642 1973 3707 κατὰ
2019 3648 2140 3707 νοῦν
2191 3641 2455 3708 ἔσεσθαιε

446 3770 769 3847 „reputate
783 3812 802 3841 ,
867 3765 1103 3847 quoties
1158 3764 1285 3848 jam
1341 3785 1508 3848 spem
1557 3761 1954 3846 conceperitis
2003 3760 2132 3824 fore
2178 3767 2250 3825 ut
2294 3783 2460 3825 nunc

446 3880 690 3945 demum
735 3882 940 3945 omnia
1000 3904 1070 3945 ex
1132 3881 1319 3946 animi
1382 3880 1684 3944 sententia
1729 3878 2098 3943 evenirent.”
2194 3878 2461 3963 Elegans

446 3998 676 4063 seilicet
750 3998 1209 4063 circumlocutio
1226 4048 1245 4077 ,
1310 4000 1366 4063 ἐν
1442 3996 1628 4062 ἐλπίδι
1697 3996 1990 4074 γεγόνατε
2056 4001 2158 4061 τοῦ
2226 3996 2454 4062 οἴεσθαι.

446 4114 603 4180 Tum
632 4116 843 4197 σχεδὸν
872 4117 993 4193 oie),
1042 4139 1234 4201 quum
1266 4116 1591 4202 praecessit
1621 4113 1860 4186 ποσάκις
1876 4166 1893 4189 ,
1939 4114 2118 4198 plane
2151 4114 2452 4189 abundat,

448 4244 629 4320 atque
688 4241 783 4301 νῦν
845 4235 1001 4299 male
1062 4236 1533 4321 transpositum,
1590 4256 1780 4318 quum
1825 4233 2203 4297 referendum
2252 4234 2332 4296 sit
2379 4233 2454 4297 ad
