3092 5084
1041 513 1054 541 t
1389 500 1425 558 9
1439 505 1442 510 '

499 703 762 766 Groteus
808 704 872 766 in
918 701 1194 767 Historia
1237 687 1560 783 Graeciae,
1595 704 1704 770 ubi
1734 704 2013 789 Dionysii
2046 711 2107 767 et
2137 684 2411 766 Platonis

408 845 502 884 res
549 829 784 901 narrat,
827 808 1145 907 'Epistolas
1191 830 1435 901 cunctas
1451 873 1470 902 ,
1518 824 1712 908 prima
1757 829 1997 887 tantum
2044 829 2326 907 excepta,
2376 844 2411 884 a

408 940 680 1005 Platonis
725 964 909 1005 manu
956 943 1252 1027 profectas
1300 965 1428 1006 esse
1474 942 1789 1007 contendit
1806 993 1823 1020 ,
1860 965 2079 1026 easque
2111 941 2412 1026 optimum

407 1058 594 1123 habet
638 1059 866 1126 fontem
913 1060 988 1124 ad
1034 1060 1280 1124 illorum
1309 1083 1404 1124 res
1435 1060 1902 1145 cognoscendas,
1933 1061 1981 1144 ¹)
2029 1061 2410 1144 Argumenta
2448 1077 2454 1083 ·

409 1177 485 1258 ab
570 1178 746 1241 Astio
807 1179 1044 1262 prolata
1083 1165 1178 1243 ⁴ad
1239 1201 1444 1243 earum
1504 1180 1685 1243 fidem
1747 1178 2226 1243 labefactandam
2288 1200 2410 1242 non

409 1298 566 1362 tanti
625 1298 908 1383 ponderis
971 1301 1280 1379 aestimat,
1343 1308 1416 1364 ut
1473 1299 1781 1364 Ciceronis
1843 1307 1904 1363 et
1947 1297 2263 1363 Plutarchi
2310 1320 2413 1362 au-

411 1418 751 1483 ctoritatem
797 1418 1065 1498 elevent;
1115 1419 1280 1503 quod
1326 1419 1403 1483 ad
1449 1419 1780 1485 orationem
1828 1419 2079 1496 attinet,
2126 1417 2411 1500 iniquum

409 1544 590 1621 putat
635 1537 1026 1622 epistolarum
1072 1539 1280 1603 stilum
1327 1538 1584 1624 dialogis
1624 1537 1842 1602 metiri.
1905 1537 1999 1600 De
2029 1537 2177 1621 ipsis
2206 1543 2411 1599 tamen

409 1654 681 1740 epistolis
695 1705 715 1734 ,
763 1655 887 1720 sive
931 1656 1118 1720 dictio
1159 1657 1282 1721 sive
1329 1664 1753 1742 argumentum
1796 1663 2102 1741 spectetur
2118 1704 2137 1733 ,
2195 1677 2409 1737 parum

410 1775 740 1838 honorifice
785 1775 1100 1839 existimat.
1178 1775 1254 1840 In
1300 1774 1741 1840 consuetudine
1788 1782 1849 1838 et
1879 1773 2241 1838 commercio
2270 1795 2411 1837 cum

412 1893 707 1977 Dionysio
749 1892 1078 1985 ‚Platonem
1131 1917 1306 1978 saepe
1351 1894 1797 1978 imprudenter,
1854 1894 1976 1957 i'mo
2023 1893 2191 1956 fatue
2239 1914 2414 1976 agere

404 2011 678 2097 judicat;
727 2012 1032 2077 interdum
1062 2013 1383 2078 memoriae
1413 2013 1629 2097 culpae
1658 2013 1898 2098 lapsum
1932 2012 2254 2097 opinatur;
2289 2011 2414 2074 dic-

410 2130 500 2194 tio
547 2137 748 2194 autem
785 2131 839 2194 ei
884 2131 1124 2196 videtur
1169 2131 1445 2196 affectata
1459 2182 1478 2210 ,
1511 2130 1717 2196 fucata
1730 2180 1748 2210 ,
1780 2131 2161 2194 inconcinna.
2187 2130 2237 2214 2)
2298 2128 2415 2193 De-

413 2249 606 2312 fensio
667 2226 963 2334 ejusmodi
1019 2257 1113 2313 est
1172 2257 1243 2313 ut
1303 2249 1567 2314 Groteus
1627 2249 1757 2334 ipse
1773 2298 1792 2327 ,
1838 2249 1891 2312 si
1938 2255 2095 2312 esset
2139 2247 2411 2311 Platonis

411 2367 575 2445 loco,
623 2367 745 2432 tale
781 2369 1227 2453 patrocinium,
1274 2369 1518 2456 opinor,
1566 2369 1931 2454 repudiaret.

501 2485 647 2550 Non
707 2492 798 2550 est
853 2509 1054 2552 meum
1099 2467 1370 2574 pugnare
1414 2493 1625 2552 contra
1668 2487 1826 2551 viros
1871 2486 2179 2550 doctrinae
2225 2506 2413 2569 aeque

413 2757 505 2820 Ep.
539 2755 664 2805 XIII
697 2756 755 2805 ad
792 2755 1096 2820 Dionysium,
1136 2772 1183 2820 p.
1217 2756 1312 2809 728
1359 2755 1474 2818 (836
1509 2758 1603 2817 A.).
1671 2755 1804 2805 Hanc
1854 2755 1979 2804 enim
2016 2759 2111 2803 tam
2144 2769 2415 2819 germanam

414 2867 516 2900 esse
561 2866 702 2915 quam
735 2856 914 2900 ceteras
947 2851 1160 2900 Platonis
1192 2851 1417 2915 epistolas
1448 2849 1699 2916 persuadet
1728 2849 1871 2900 hobis
1904 2851 1959 2900 P.
1995 2848 2333 2913 Wesselingius
2365 2849 2414 2897 in

411 2947 566 3013 Epist.
598 2947 657 2997 ad
691 2945 994 2998 Venemam.”

483 3042 585 3092 Van
621 3043 841 3101 Heusde,
875 3042 987 3092 Init.
1021 3041 1146 3103 Phil.
1180 3043 1306 3092 Plat.
1340 3042 1522 3104 (1831).
1558 3042 1653 3092 vol.
1688 3042 1753 3093 ΙΙ.
1805 3056 1916 3105 pars
1951 3041 1991 3090 Ι.
2025 3055 2073 3105 p.
2112 3039 2220 3091 127.
2274 3038 2415 3099 „Non

414 3137 684 3202 quaerimus
729 3139 818 3188 hoc
862 3138 970 3188 loco
1014 3138 1071 3188 de
1109 3137 1352 3203 Epistulae
1383 3138 1474 3200 (Π)
1507 3137 1787 3188 auctoritate
1805 3158 1819 3196 ;
1839 3174 1851 3186 .
1872 3173 1885 3186 .
1902 3173 1915 3186 .
1948 3137 2049 3186 sive
2082 3136 2159 3186 cui
2192 3149 2416 3201 germana

417 3233 634 3282 videatur
672 3232 772 3281 sive
804 3232 1131 3297 suppositicia,
1165 3232 1214 3282 id
1248 3249 1387 3282 nemo
1423 3231 1639 3291 dubitat,
1688 3232 1799 3296 quin
1835 3231 2139 3281 Platonicum
2174 3231 2313 3295 plane
2346 3230 2416 3279 vi-

419 3341 525 3377 rum
561 3331 800 3377 auctorem
835 3327 1054 3378 habeat.”
1085 3328 1148 3378 cf.
1182 3345 1229 3394 p.
1266 3329 1359 3378 121
1394 3333 1444 3378 et
1479 3327 1589 3378 128.

405 3421 408 3424 ’
482 3421 699 3486 Denique
729 3422 940 3472 Cobetus
972 3423 1084 3472 Var.
1115 3423 1249 3473 Lect.
1279 3439 1328 3488 p.
1364 3423 1457 3473 235
1493 3423 1552 3472 de
1584 3422 1675 3487 Ep.
1710 3421 1809 3472 VII
1839 3437 1990 3486 nuper
2024 3421 2115 3471 hoc
2155 3420 2271 3470 tulit
2286 3420 2413 3484 judi-

417 3515 578 3566 cium:
635 3517 883 3577 „Platonis
926 3517 1076 3582 ipsius
1120 3535 1220 3568 esse
1265 3519 1387 3568 hanc
1430 3518 1681 3583 epistolam
1726 3521 1773 3567 et
1816 3523 2147 3582 argumentum
2194 3521 2244 3566 et
2278 3515 2417 3566 stilus

417 3611 674 3662 clamant.'’

489 3707 538 3767 1)
573 3707 745 3766 Grote,
790 3706 916 3757 Hist.
960 3707 1016 3756 of
1045 3708 1247 3768 Greece‘,
1289 3708 1388 3758 vol.
1422 3707 1506 3757 XI.
1539 3723 1588 3772 p.
1623 3707 1703 3760 75.
1768 3707 1949 3766 Credo,
1984 3707 2024 3756 si
2058 3706 2311 3771 scriptores
2345 3706 2421 3755 de·

417 3802 592 3867 perditi
626 3803 684 3852 de
716 3802 813 3852 illis
846 3802 1137 3868 temporibus
1167 3803 1444 3868 superstites
1475 3803 1612 3853 nobis
1632 3806 1810 3864 essent,
1845 3804 2074 3853 Groteum
2108 3802 2245 3852 aliter
2275 3803 2421 3852 fuisse

420 3897 740 3962 opinaturum.

489 3993 536 4054 2)
569 3993 641 4041 En
676 3991 824 4057 ipsius
858 3992 1014 4042 verba.
1061 3992 1334 4057 Reprobat».
1366 3992 1492 4042 Astii
1526 3993 1759 4043 sententia
1792 3992 1907 4043 haec
1940 3991 2100 4050 addit,
2136 3991 2231 4041 vol.
2280 3991 2337 4040 X.
2369 4005 2417 4054 p.

419 4089 516 4138 435
563 4093 696 4138 not.:
733 4088 847 4148 „the
880 4104 1062 4154 proper·
1085 4089 1355 4139 conclusion
1392 4090 1515 4151 from
1550 4089 1623 4138 his
1658 4089 1824 4151 (Ast's)
1860 4087 2086 4155 promises
2129 4102 2326 4152 appears
2364 4090 2418 4136 to

420 4199 496 4232 me
543 4187 594 4233 to
639 4183 724 4241 be,
773 4184 878 4233 that
923 4183 1062 4232 Plato
1109 4187 1256 4232 wrote
1289 4183 1452 4232 letters
1485 4183 1670 4243 which,
1704 4181 1839 4232 when
1872 4182 1997 4231 tried
2029 4182 2091 4246 by
2123 4197 2211 4230 our
2244 4197 2418 4230 canons

420 4278 566 4328 about
598 4277 956 4344 letterwriting,
991 4293 1118 4327 seem
1149 4277 1383 4327 awkward
1397 4315 1412 4338 ,
1446 4277 1665 4342 pedantic
1696 4277 1789 4328 and
1822 4278 1871 4326 iu
1904 4294 1931 4326 a
1962 4276 2054 4327 bad
2087 4275 2261 4326 taste.'’
