<?xml version="1.0" encoding="UTF-8"?>
<!DOCTYPE html PUBLIC "-//W3C//DTD XHTML 1.0 Transitional//EN"
    "http://www.w3.org/TR/xhtml1/DTD/xhtml1-transitional.dtd">
<html xmlns="http://www.w3.org/1999/xhtml" xml:lang="en" lang="en">
 <head>
  <title>
</title>
<meta http-equiv="Content-Type" content="text/html;charset=utf-8" />
  <meta name='ocr-system' content='tesseract 3.04.00' />
  <meta name='ocr-capabilities' content='ocr_page ocr_carea ocr_par ocr_line ocrx_word'/>
</head>
<body>
  <div class='ocr_page' id='page_1' title='image "./commentatiocrit01karsgoog_0246.png"; bbox 0 0 3092 5084; ppageno 0'>
   <div class='ocr_carea' id='block_1_1' title="bbox 1620 457 1748 517">
    <p class='ocr_par' dir='ltr' id='par_1_1' title="bbox 1620 457 1748 517">
     <span class='ocr_line' id='line_1_1' title="bbox 1620 457 1748 517; baseline 0.016 -2"><span class='ocrx_word' id='word_1_1' title='bbox 1620 457 1748 517; x_wconf 77' lang='lat'>210</span> 
     </span>
    </p>
   </div>
   <div class='ocr_carea' id='block_1_2' title="bbox 664 661 2693 1812">
    <p class='ocr_par' dir='ltr' id='par_1_2' title="bbox 664 661 2693 1812">
     <span class='ocr_line' id='line_1_2' title="bbox 669 661 2693 744; baseline -0 -19"><span class='ocrx_word' id='word_1_2' title='bbox 669 661 763 726; x_wconf 80' lang='grc' dir='ltr'>τὸν</span> <span class='ocrx_word' id='word_1_3' title='bbox 836 661 1067 726; x_wconf 68' lang='grc' dir='ltr'><strong><em>πάντων</em></strong></span> <span class='ocrx_word' id='word_1_4' title='bbox 1128 661 1391 738; x_wconf 75' lang='grc' dir='ltr'><strong><em>βασιλέα</em></strong></span> <span class='ocrx_word' id='word_1_5' title='bbox 1409 713 1426 734; x_wconf 83' lang='grc'>,</span> <span class='ocrx_word' id='word_1_6' title='bbox 1492 683 1676 744; x_wconf 89' lang='lat' dir='ltr'>quem</span> <span class='ocrx_word' id='word_1_7' title='bbox 1737 661 1840 724; x_wconf 88' lang='lat' dir='ltr'>ille</span> <span class='ocrx_word' id='word_1_8' title='bbox 1899 664 1974 732; x_wconf 79' lang='grc' dir='ltr'>ὥς</span> <span class='ocrx_word' id='word_1_9' title='bbox 2033 661 2296 730; x_wconf 69' lang='grc' dir='ltr'><strong><em>ἐπέκεινα</em></strong></span> <span class='ocrx_word' id='word_1_10' title='bbox 2340 671 2445 738; x_wconf 78' lang='grc' dir='ltr'>τῆς</span> <span class='ocrx_word' id='word_1_11' title='bbox 2495 665 2693 734; x_wconf 77' lang='grc' dir='ltr'><strong><em>οὐσίας</em></strong></span> 
     </span>
     <span class='ocr_line' id='line_1_3' title="bbox 670 778 2689 866; baseline 0 -24"><span class='ocrx_word' id='word_1_12' title='bbox 670 780 900 844; x_wconf 82' lang='lat' dir='ltr'>eximit.</span> <span class='ocrx_word' id='word_1_13' title='bbox 971 778 1114 842; x_wconf 78' lang='lat' dir='ltr'>Vid.</span> <span class='ocrx_word' id='word_1_14' title='bbox 1173 779 1594 856; x_wconf 77' lang='lat' dir='ltr'>Schfirmann,</span> <span class='ocrx_word' id='word_1_15' title='bbox 1663 778 1738 842; x_wconf 89' lang='lat' dir='ltr'>de</span> <span class='ocrx_word' id='word_1_16' title='bbox 1797 779 1931 843; x_wconf 90' lang='lat' dir='ltr'>Deo</span> <span class='ocrx_word' id='word_1_17' title='bbox 1991 779 2231 844; x_wconf 90' lang='lat' dir='ltr'>Platon.</span> <span class='ocrx_word' id='word_1_18' title='bbox 2295 803 2354 866; x_wconf 92' lang='lat' dir='ltr'>p.</span> <span class='ocrx_word' id='word_1_19' title='bbox 2413 783 2526 858; x_wconf 83' lang='lat'>19,</span> <span class='ocrx_word' id='word_1_20' title='bbox 2584 783 2689 844; x_wconf 74' lang='lat'>44.</span> 
     </span>
     <span class='ocr_line' id='line_1_4' title="bbox 668 896 2691 982; baseline 0.001 -22"><span class='ocrx_word' id='word_1_21' title='bbox 668 896 955 962; x_wconf 85' lang='lat' dir='ltr'>Ceterum</span> <span class='ocrx_word' id='word_1_22' title='bbox 1000 897 1179 961; x_wconf 87' lang='lat' dir='ltr'>Plato</span> <span class='ocrx_word' id='word_1_23' title='bbox 1221 899 1285 961; x_wconf 93' lang='lat' dir='ltr'>in</span> <span class='ocrx_word' id='word_1_24' title='bbox 1334 898 1576 982; x_wconf 86' lang='lat' dir='ltr'>scriptis</span> <span class='ocrx_word' id='word_1_25' title='bbox 1624 898 1749 962; x_wconf 89' lang='lat' dir='ltr'>suis</span> <span class='ocrx_word' id='word_1_26' title='bbox 1799 920 1956 974; x_wconf 92' lang='lat' dir='ltr'>non,</span> <span class='ocrx_word' id='word_1_27' title='bbox 2013 905 2086 962; x_wconf 90' lang='lat' dir='ltr'>ut</span> <span class='ocrx_word' id='word_1_28' title='bbox 2130 907 2336 963; x_wconf 85' lang='lat' dir='ltr'>noster</span> <span class='ocrx_word' id='word_1_29' title='bbox 2383 899 2480 963; x_wconf 87' lang='lat' dir='ltr'>hic</span> <span class='ocrx_word' id='word_1_30' title='bbox 2511 899 2691 975; x_wconf 82' lang='lat' dir='ltr'>facit,</span> 
     </span>
     <span class='ocr_line' id='line_1_5' title="bbox 666 1015 2693 1100; baseline 0 -20"><span class='ocrx_word' id='word_1_31' title='bbox 666 1015 747 1080; x_wconf 76' lang='grc' dir='ltr'>τα</span> <span class='ocrx_word' id='word_1_32' title='bbox 796 1021 1029 1095; x_wconf 79' lang='grc' dir='ltr'><strong><em>πρῶτα,</em></strong></span> <span class='ocrx_word' id='word_1_33' title='bbox 1076 1015 1157 1080; x_wconf 73' lang='grc' dir='ltr'>τοὶ</span> <span class='ocrx_word' id='word_1_34' title='bbox 1204 1015 1479 1094; x_wconf 77' lang='grc' dir='ltr'><strong><em>δεύτερα,</em></strong></span> <span class='ocrx_word' id='word_1_35' title='bbox 1527 1017 1610 1080; x_wconf 73' lang='grc' dir='ltr'>τοὶ</span> <span class='ocrx_word' id='word_1_36' title='bbox 1654 1016 1825 1096; x_wconf 85' lang='grc' dir='ltr'><strong><em>τρίτα</em></strong></span> <span class='ocrx_word' id='word_1_37' title='bbox 1859 1015 2110 1079; x_wconf 86' lang='lat' dir='ltr'>definito</span> <span class='ocrx_word' id='word_1_38' title='bbox 2143 1016 2489 1100; x_wconf 86' lang='lat' dir='ltr'>significatu</span> <span class='ocrx_word' id='word_1_39' title='bbox 2522 1039 2693 1080; x_wconf 89' lang='lat' dir='ltr'>usur-</span> 
     </span>
     <span class='ocr_line' id='line_1_6' title="bbox 664 1133 2693 1219; baseline -0 -21"><span class='ocrx_word' id='word_1_40' title='bbox 664 1142 773 1219; x_wconf 86' lang='lat' dir='ltr'>pat</span> <span class='ocrx_word' id='word_1_41' title='bbox 816 1134 895 1198; x_wconf 89' lang='lat' dir='ltr'>ad</span> <span class='ocrx_word' id='word_1_42' title='bbox 941 1133 1239 1200; x_wconf 85' lang='lat' dir='ltr'>notandas</span> <span class='ocrx_word' id='word_1_43' title='bbox 1286 1141 1541 1199; x_wconf 84' lang='lat' dir='ltr'>naturae</span> <span class='ocrx_word' id='word_1_44' title='bbox 1591 1142 1790 1218; x_wconf 86' lang='lat' dir='ltr'>partes</span> <span class='ocrx_word' id='word_1_45' title='bbox 1839 1134 2244 1218; x_wconf 76' lang='lat' dir='ltr'>praestantiae</span> <span class='ocrx_word' id='word_1_46' title='bbox 2275 1133 2470 1218; x_wconf 85' lang='lat' dir='ltr'>gradu</span> <span class='ocrx_word' id='word_1_47' title='bbox 2502 1134 2693 1198; x_wconf 83' lang='lat' dir='ltr'>diver-</span> 
     </span>
     <span class='ocr_line' id='line_1_7' title="bbox 665 1252 2685 1338; baseline -0.001 -22"><span class='ocrx_word' id='word_1_48' title='bbox 665 1276 795 1330; x_wconf 84' lang='lat' dir='ltr'>sas3</span> <span class='ocrx_word' id='word_1_49' title='bbox 844 1253 908 1317; x_wconf 86' lang='lat' dir='ltr'>id</span> <span class='ocrx_word' id='word_1_50' title='bbox 955 1253 1201 1318; x_wconf 86' lang='lat' dir='ltr'>demum</span> <span class='ocrx_word' id='word_1_51' title='bbox 1248 1253 1522 1318; x_wconf 87' lang='lat' dir='ltr'>fecerunt</span> <span class='ocrx_word' id='word_1_52' title='bbox 1569 1255 1699 1316; x_wconf 89' lang='lat' dir='ltr'>eius</span> <span class='ocrx_word' id='word_1_53' title='bbox 1747 1252 2064 1338; x_wconf 86' lang='lat' dir='ltr'>discipuli,</span> <span class='ocrx_word' id='word_1_54' title='bbox 2115 1254 2222 1337; x_wconf 87' lang='lat' dir='ltr'>qui</span> <span class='ocrx_word' id='word_1_55' title='bbox 2251 1253 2348 1318; x_wconf 89' lang='lat' dir='ltr'>his</span> <span class='ocrx_word' id='word_1_56' title='bbox 2377 1253 2685 1318; x_wconf 85' lang='lat' dir='ltr'>vocabulis</span> 
     </span>
     <span class='ocr_line' id='line_1_8' title="bbox 664 1371 2687 1457; baseline -0 -23"><span class='ocrx_word' id='word_1_57' title='bbox 664 1373 939 1457; x_wconf 87' lang='lat' dir='ltr'>proprias</span> <span class='ocrx_word' id='word_1_58' title='bbox 989 1381 1053 1434; x_wconf 90' lang='lat' dir='ltr'>et</span> <span class='ocrx_word' id='word_1_59' title='bbox 1100 1381 1290 1435; x_wconf 85' lang='lat' dir='ltr'>certas</span> <span class='ocrx_word' id='word_1_60' title='bbox 1338 1371 1692 1436; x_wconf 90' lang='lat' dir='ltr'>tribuerunt</span> <span class='ocrx_word' id='word_1_61' title='bbox 1736 1372 2015 1436; x_wconf 89' lang='lat' dir='ltr'>notiones</span> <span class='ocrx_word' id='word_1_62' title='bbox 2033 1421 2051 1449; x_wconf 91' lang='lat'><em>,</em></span> <span class='ocrx_word' id='word_1_63' title='bbox 2096 1371 2262 1436; x_wconf 87' lang='lat' dir='ltr'>velut</span> <span class='ocrx_word' id='word_1_64' title='bbox 2291 1371 2687 1447; x_wconf 79' lang='lat' dir='ltr'>AristoteleS‚</span> 
     </span>
     <span class='ocr_line' id='line_1_9' title="bbox 664 1489 2692 1576; baseline -0.001 -21"><span class='ocrx_word' id='word_1_65' title='bbox 664 1492 727 1556; x_wconf 89' lang='lat' dir='ltr'>in</span> <span class='ocrx_word' id='word_1_66' title='bbox 786 1492 1060 1576; x_wconf 88' lang='lat' dir='ltr'>Metaph.</span> <span class='ocrx_word' id='word_1_67' title='bbox 1109 1491 1239 1569; x_wconf 84' lang='lat' dir='ltr'>IV,</span> <span class='ocrx_word' id='word_1_68' title='bbox 1292 1495 1369 1554; x_wconf 86' lang='grc'>11</span> <span class='ocrx_word' id='word_1_69' title='bbox 1388 1541 1408 1569; x_wconf 85' lang='grc'>,</span> <span class='ocrx_word' id='word_1_70' title='bbox 1459 1491 1570 1556; x_wconf 90' lang='lat' dir='ltr'>ubi</span> <span class='ocrx_word' id='word_1_71' title='bbox 1611 1491 1885 1555; x_wconf 80' lang='lat' dir='ltr'>Platonis</span> <span class='ocrx_word' id='word_1_72' title='bbox 1933 1490 2180 1572; x_wconf 78' lang='grc' dir='ltr'><strong><em>πρότερα</em></strong></span> <span class='ocrx_word' id='word_1_73' title='bbox 2225 1498 2286 1554; x_wconf 90' lang='lat' dir='ltr'>et</span> <span class='ocrx_word' id='word_1_74' title='bbox 2333 1489 2548 1569; x_wconf 76' lang='grc' dir='ltr'><strong><em>ὕστερα</em></strong></span> <span class='ocrx_word' id='word_1_75' title='bbox 2603 1491 2692 1552; x_wconf 89' lang='lat' dir='ltr'>in-</span> 
     </span>
     <span class='ocr_line' id='line_1_10' title="bbox 664 1612 2691 1696; baseline -0.001 -21"><span class='ocrx_word' id='word_1_76' title='bbox 664 1618 1037 1696; x_wconf 76' lang='lat' dir='ltr'>terpretatur</span> <span class='ocrx_word' id='word_1_77' title='bbox 1081 1633 1229 1696; x_wconf 80' lang='lat' dir='ltr'>quae</span> <span class='ocrx_word' id='word_1_78' title='bbox 1262 1633 1377 1692; x_wconf 80' lang='lat' dir='ltr'>per</span> <span class='ocrx_word' id='word_1_79' title='bbox 1422 1634 1481 1675; x_wconf 74' lang='lat' dir='ltr'>se</span> <span class='ocrx_word' id='word_1_80' title='bbox 1526 1617 1789 1674; x_wconf 72' lang='lat' dir='ltr'>constant</span> <span class='ocrx_word' id='word_1_81' title='bbox 1808 1660 1826 1688; x_wconf 91' lang='lat'><em>,</em></span> <span class='ocrx_word' id='word_1_82' title='bbox 1878 1613 1960 1674; x_wconf 72' lang='grc' dir='ltr'>τα</span> <span class='ocrx_word' id='word_1_83' title='bbox 2003 1613 2140 1676; x_wconf 87' lang='grc' dir='ltr'><strong><em>κατ’</em></strong></span> <span class='ocrx_word' id='word_1_84' title='bbox 2185 1612 2380 1676; x_wconf 79' lang='grc' dir='ltr'><strong><em>οὐσίαν</em></strong></span> <span class='ocrx_word' id='word_1_85' title='bbox 2398 1662 2415 1684; x_wconf 87' lang='grc'>,</span> <span class='ocrx_word' id='word_1_86' title='bbox 2451 1619 2512 1673; x_wconf 87' lang='lat' dir='ltr'>et</span> <span class='ocrx_word' id='word_1_87' title='bbox 2539 1631 2691 1694; x_wconf 80' lang='lat' dir='ltr'>quae</span> 
     </span>
     <span class='ocr_line' id='line_1_11' title="bbox 666 1728 2144 1812; baseline 0 -18"><span class='ocrx_word' id='word_1_88' title='bbox 666 1729 789 1794; x_wconf 74' lang='lat' dir='ltr'>sine</span> <span class='ocrx_word' id='word_1_89' title='bbox 833 1729 957 1792; x_wconf 70' lang='lat' dir='ltr'><em>illis</em></span> <span class='ocrx_word' id='word_1_90' title='bbox 1002 1751 1121 1794; x_wconf 65' lang='lat' dir='ltr'>esse</span> <span class='ocrx_word' id='word_1_91' title='bbox 1165 1735 1486 1812; x_wconf 73' lang='lat' dir='ltr'>nequeunt,</span> <span class='ocrx_word' id='word_1_92' title='bbox 1534 1729 1616 1793; x_wconf 71' lang='grc' dir='ltr'>τὰ</span> <span class='ocrx_word' id='word_1_93' title='bbox 1663 1729 1823 1792; x_wconf 71' lang='grc' dir='ltr'><strong><em>κατὰ</em></strong></span> <span class='ocrx_word' id='word_1_94' title='bbox 1867 1729 2067 1810; x_wconf 79' lang='grc' dir='ltr'><strong><em>φύσιν.</em></strong></span> <span class='ocrx_word' id='word_1_95' title='bbox 2097 1728 2144 1811; x_wconf 83' lang='grc' dir='ltr'>ι)</span> 
     </span>
    </p>
   </div>
   <div class='ocr_carea' id='block_1_3' title="bbox 658 1961 2689 3938">
    <p class='ocr_par' dir='ltr' id='par_1_3' title="bbox 658 1961 2689 3938">
     <span class='ocr_line' id='line_1_12' title="bbox 752 1961 2685 2046; baseline -0.001 -20"><span class='ocrx_word' id='word_1_96' title='bbox 752 1961 899 2026; x_wconf 89' lang='lat' dir='ltr'>Non</span> <span class='ocrx_word' id='word_1_97' title='bbox 961 1963 1163 2026; x_wconf 88' lang='lat' dir='ltr'>minus</span> <span class='ocrx_word' id='word_1_98' title='bbox 1226 1962 1620 2027; x_wconf 80' lang='lat' dir='ltr'>obscuritatis</span> <span class='ocrx_word' id='word_1_99' title='bbox 1669 1962 1854 2027; x_wconf 87' lang='lat' dir='ltr'>habet</span> <span class='ocrx_word' id='word_1_100' title='bbox 1899 1962 2054 2026; x_wconf 84' lang='lat' dir='ltr'>alte&#39;r</span> <span class='ocrx_word' id='word_1_101' title='bbox 2102 1963 2199 2026; x_wconf 87' lang='lat' dir='ltr'>hic</span> <span class='ocrx_word' id='word_1_102' title='bbox 2244 1963 2416 2027; x_wconf 87' lang='lat' dir='ltr'>locus</span> <span class='ocrx_word' id='word_1_103' title='bbox 2433 2011 2451 2040; x_wconf 91' lang='lat'>‚</span> <span class='ocrx_word' id='word_1_104' title='bbox 2503 1985 2685 2046; x_wconf 89' lang='lat' dir='ltr'>quem</span> 
     </span>
     <span class='ocr_line' id='line_1_13' title="bbox 667 2080 2686 2168; baseline -0.001 -22"><span class='ocrx_word' id='word_1_105' title='bbox 667 2083 847 2146; x_wconf 87' lang='lat' dir='ltr'>modo</span> <span class='ocrx_word' id='word_1_106' title='bbox 894 2082 1193 2161; x_wconf 87' lang='lat' dir='ltr'>indicavi,</span> <span class='ocrx_word' id='word_1_107' title='bbox 1244 2082 1441 2168; x_wconf 82' lang='lat' dir='ltr'>Epist.</span> <span class='ocrx_word' id='word_1_108' title='bbox 1493 2082 1621 2161; x_wconf 85' lang='lat' dir='ltr'>VI,</span> <span class='ocrx_word' id='word_1_109' title='bbox 1672 2106 1730 2168; x_wconf 86' lang='lat' dir='ltr'>p.</span> <span class='ocrx_word' id='word_1_110' title='bbox 1783 2085 1908 2146; x_wconf 79' lang='lat'>323</span> <span class='ocrx_word' id='word_1_111' title='bbox 1961 2083 2038 2146; x_wconf 93' lang='lat' dir='ltr'>D.</span> <span class='ocrx_word' id='word_1_112' title='bbox 2087 2083 2127 2145; x_wconf 87' lang='lat' dir='ltr'><strong>J</strong></span> <span class='ocrx_word' id='word_1_113' title='bbox 2135 2082 2278 2147; x_wconf 84' lang='lat' dir='ltr'>ubet</span> <span class='ocrx_word' id='word_1_114' title='bbox 2303 2081 2576 2158; x_wconf 78' lang='lat' dir='ltr'>sodaleS,</span> <span class='ocrx_word' id='word_1_115' title='bbox 2611 2080 2686 2144; x_wconf 87' lang='lat' dir='ltr'>ad</span> 
     </span>
     <span class='ocr_line' id='line_1_14' title="bbox 666 2200 2688 2287; baseline -0.001 -22"><span class='ocrx_word' id='word_1_116' title='bbox 666 2223 819 2285; x_wconf 86' lang='lat' dir='ltr'>quos</span> <span class='ocrx_word' id='word_1_117' title='bbox 866 2201 1023 2265; x_wconf 89' lang='lat' dir='ltr'>hanc</span> <span class='ocrx_word' id='word_1_118' title='bbox 1065 2201 1381 2287; x_wconf 86' lang='lat' dir='ltr'>epistolam</span> <span class='ocrx_word' id='word_1_119' title='bbox 1416 2200 1664 2278; x_wconf 86' lang='lat' dir='ltr'>scribit,</span> <span class='ocrx_word' id='word_1_120' title='bbox 1698 2202 1932 2266; x_wconf 85' lang='lat' dir='ltr'>monita</span> <span class='ocrx_word' id='word_1_121' title='bbox 1963 2224 2074 2265; x_wconf 84' lang='lat' dir='ltr'>sua</span> <span class='ocrx_word' id='word_1_122' title='bbox 2103 2200 2272 2265; x_wconf 88' lang='lat' dir='ltr'>cordi</span> <span class='ocrx_word' id='word_1_123' title='bbox 2303 2200 2558 2277; x_wconf 87' lang='lat' dir='ltr'>habere,</span> <span class='ocrx_word' id='word_1_124' title='bbox 2591 2201 2688 2264; x_wconf 81' lang='grc' dir='ltr'>τὸν</span> 
     </span>
     <span class='ocr_line' id='line_1_15' title="bbox 661 2318 2681 2400; baseline -0.002 -16"><span class='ocrx_word' id='word_1_125' title='bbox 661 2325 771 2384; x_wconf 80' lang='grc' dir='ltr'>τῶν</span> <span class='ocrx_word' id='word_1_126' title='bbox 819 2321 1049 2384; x_wconf 64' lang='grc' dir='ltr'><strong><em>πάντων</em></strong></span> <span class='ocrx_word' id='word_1_127' title='bbox 1099 2319 1245 2400; x_wconf 80' lang='grc' dir='ltr'><strong><em>θεὸν,</em></strong></span> <span class='ocrx_word' id='word_1_128' title='bbox 1297 2319 1561 2396; x_wconf 72' lang='grc' dir='ltr'><strong><em>ἡγεμόνα</em></strong></span> <span class='ocrx_word' id='word_1_129' title='bbox 1608 2325 1718 2384; x_wconf 84' lang='grc' dir='ltr'>τῶν</span> <span class='ocrx_word' id='word_1_130' title='bbox 1764 2321 1819 2383; x_wconf 80' lang='grc' dir='ltr'>τ’</span> <span class='ocrx_word' id='word_1_131' title='bbox 1844 2318 2011 2383; x_wconf 80' lang='grc' dir='ltr'><strong><em>ὄντων</em></strong></span> <span class='ocrx_word' id='word_1_132' title='bbox 2048 2319 2282 2384; x_wconf 80' lang='grc' dir='ltr'><strong><em>καὶτῶν</em></strong></span> <span class='ocrx_word' id='word_1_133' title='bbox 2313 2318 2681 2398; x_wconf 79' lang='grc' dir='ltr'><strong><em>μελλόντων,</em></strong></span> 
     </span>
     <span class='ocr_line' id='line_1_16' title="bbox 659 2435 2689 2517; baseline -0.002 -15"><span class='ocrx_word' id='word_1_134' title='bbox 659 2443 761 2502; x_wconf 76' lang='grc' dir='ltr'>τοῦ</span> <span class='ocrx_word' id='word_1_135' title='bbox 808 2440 853 2502; x_wconf 81' lang='grc' dir='ltr'>θ’</span> <span class='ocrx_word' id='word_1_136' title='bbox 880 2437 1159 2514; x_wconf 71' lang='grc' dir='ltr'>ἡγεμόνος</span> <span class='ocrx_word' id='word_1_137' title='bbox 1185 2439 1281 2501; x_wconf 76' lang='grc' dir='ltr'>καὶ</span> <span class='ocrx_word' id='word_1_138' title='bbox 1332 2439 1515 2503; x_wconf 81' lang='grc' dir='ltr'><strong><em>αἰτίου</em></strong></span> <span class='ocrx_word' id='word_1_139' title='bbox 1550 2437 1780 2517; x_wconf 79' lang='grc' dir='ltr'><strong><em>πατέρα</em></strong></span> <span class='ocrx_word' id='word_1_140' title='bbox 1816 2438 1993 2517; x_wconf 77' lang='grc' dir='ltr'><strong><em>κύριον</em></strong></span> <span class='ocrx_word' id='word_1_141' title='bbox 2026 2439 2409 2515; x_wconf 78' lang='grc' dir='ltr'><strong><em>ἐπομνύντας.</em></strong></span> <span class='ocrx_word' id='word_1_142' title='bbox 2459 2435 2689 2498; x_wconf 91' lang='lat' dir='ltr'>Distin-</span> 
     </span>
     <span class='ocr_line' id='line_1_17' title="bbox 660 2553 2686 2640; baseline -0.002 -20"><span class='ocrx_word' id='word_1_143' title='bbox 660 2564 941 2640; x_wconf 76' lang='lat' dir='ltr'>guunt‘ur</span> <span class='ocrx_word' id='word_1_144' title='bbox 986 2555 1085 2619; x_wconf 90' lang='lat' dir='ltr'>hic</span> <span class='ocrx_word' id='word_1_145' title='bbox 1132 2556 1157 2620; x_wconf 82' lang='grc' dir='ltr'><em>ὃ</em></span> <span class='ocrx_word' id='word_1_146' title='bbox 1204 2560 1314 2620; x_wconf 82' lang='grc' dir='ltr'>τῶν</span> <span class='ocrx_word' id='word_1_147' title='bbox 1356 2554 1591 2620; x_wconf 78' lang='grc' dir='ltr'><strong><em>παντων</em></strong></span> <span class='ocrx_word' id='word_1_148' title='bbox 1628 2555 1746 2626; x_wconf 79' lang='grc' dir='ltr'>θεὸς</span> <span class='ocrx_word' id='word_1_149' title='bbox 1772 2557 2003 2633; x_wconf 71' lang='grc' dir='ltr'><strong><em>ἡγεμὼν</em></strong></span> <span class='ocrx_word' id='word_1_150' title='bbox 2025 2608 2038 2630; x_wconf 91' lang='grc'><strong><em>,</em></strong></span> <span class='ocrx_word' id='word_1_151' title='bbox 2069 2563 2128 2618; x_wconf 87' lang='lat' dir='ltr'>et</span> <span class='ocrx_word' id='word_1_152' title='bbox 2151 2562 2251 2618; x_wconf 79' lang='grc' dir='ltr'>τοῦ</span> <span class='ocrx_word' id='word_1_153' title='bbox 2286 2556 2563 2632; x_wconf 73' lang='grc' dir='ltr'>ἡγεμόνος</span> <span class='ocrx_word' id='word_1_154' title='bbox 2588 2553 2686 2617; x_wconf 79' lang='grc' dir='ltr'>καὶ</span> 
     </span>
     <span class='ocr_line' id='line_1_18' title="bbox 661 2673 2688 2756; baseline -0.002 -18"><span class='ocrx_word' id='word_1_155' title='bbox 661 2676 841 2739; x_wconf 77' lang='grc' dir='ltr'><strong><em>αἰτίου</em></strong></span> <span class='ocrx_word' id='word_1_156' title='bbox 885 2678 1079 2753; x_wconf 73' lang='grc' dir='ltr'><strong><em>πατὴρ</em></strong></span> <span class='ocrx_word' id='word_1_157' title='bbox 1117 2678 1322 2754; x_wconf 81' lang='grc' dir='ltr'><strong><em>κύριος.</em></strong></span> <span class='ocrx_word' id='word_1_158' title='bbox 1370 2673 1647 2737; x_wconf 85' lang='grc' dir='ltr'><strong>Ρ1111111111</strong></span> <span class='ocrx_word' id='word_1_159' title='bbox 1681 2673 2241 2736; x_wconf 79' lang='lat' dir='ltr'>animadvertantur</span> <span class='ocrx_word' id='word_1_160' title='bbox 2273 2673 2458 2737; x_wconf 84' lang='lat' dir='ltr'>verba</span> <span class='ocrx_word' id='word_1_161' title='bbox 2484 2673 2688 2756; x_wconf 87' lang='lat' dir='ltr'>inepte</span> 
     </span>
     <span class='ocr_line' id='line_1_19' title="bbox 659 2791 2684 2870; baseline -0.001 -14"><span class='ocrx_word' id='word_1_162' title='bbox 659 2791 1071 2856; x_wconf 84' lang='lat' dir='ltr'>redundantia</span> <span class='ocrx_word' id='word_1_163' title='bbox 1128 2793 1195 2856; x_wconf 89' lang='lat' dir='ltr'>in</span> <span class='ocrx_word' id='word_1_164' title='bbox 1257 2791 1453 2856; x_wconf 83' lang='lat' dir='ltr'>hisce:</span> <span class='ocrx_word' id='word_1_165' title='bbox 1524 2798 1625 2856; x_wconf 78' lang='grc' dir='ltr'>τοῦ</span> <span class='ocrx_word' id='word_1_166' title='bbox 1691 2791 1971 2869; x_wconf 73' lang='grc' dir='ltr'>ἡγεμόνος</span> <span class='ocrx_word' id='word_1_167' title='bbox 2027 2793 2120 2856; x_wconf 76' lang='grc' dir='ltr'>καὶ</span> <span class='ocrx_word' id='word_1_168' title='bbox 2177 2792 2362 2856; x_wconf 69' lang='grc' dir='ltr'><strong><em>αἰτίου</em></strong></span> <span class='ocrx_word' id='word_1_169' title='bbox 2420 2791 2684 2870; x_wconf 75' lang='grc' dir='ltr'><strong><em>πατέρας</em></strong></span> 
     </span>
     <span class='ocr_line' id='line_1_20' title="bbox 658 2908 2685 2993; baseline -0.002 -19"><span class='ocrx_word' id='word_1_170' title='bbox 658 2933 799 2974; x_wconf 88' lang='lat' dir='ltr'>nam</span> <span class='ocrx_word' id='word_1_171' title='bbox 832 2910 981 2993; x_wconf 87' lang='lat' dir='ltr'>quid</span> <span class='ocrx_word' id='word_1_172' title='bbox 1014 2910 1094 2975; x_wconf 89' lang='lat' dir='ltr'>sit</span> <span class='ocrx_word' id='word_1_173' title='bbox 1124 2910 1151 2974; x_wconf 84' lang='grc' dir='ltr'><em>ὃ</em></span> <span class='ocrx_word' id='word_1_174' title='bbox 1183 2915 1285 2974; x_wconf 80' lang='grc' dir='ltr'>τοῦ</span> <span class='ocrx_word' id='word_1_175' title='bbox 1312 2910 1599 2987; x_wconf 69' lang='grc' dir='ltr'><strong><em>ἡγεμόνος</em></strong></span> <span class='ocrx_word' id='word_1_176' title='bbox 1623 2911 1818 2988; x_wconf 76' lang='grc' dir='ltr'><strong><em>πατήρ</em></strong></span> <span class='ocrx_word' id='word_1_177' title='bbox 1842 2908 2108 2993; x_wconf 85' lang='lat' dir='ltr'>intelligi</span> <span class='ocrx_word' id='word_1_178' title='bbox 2131 2917 2335 2993; x_wconf 89' lang='lat' dir='ltr'>potest</span> <span class='ocrx_word' id='word_1_179' title='bbox 2353 2959 2369 2988; x_wconf 91' lang='lat'><strong><em>,</em></strong></span> <span class='ocrx_word' id='word_1_180' title='bbox 2395 2931 2521 2972; x_wconf 91' lang='lat' dir='ltr'>non</span> <span class='ocrx_word' id='word_1_181' title='bbox 2546 2929 2685 2970; x_wconf 89' lang='lat' dir='ltr'>vero</span> 
     </span>
     <span class='ocr_line' id='line_1_21' title="bbox 658 3028 2685 3111; baseline -0.003 -17"><span class='ocrx_word' id='word_1_182' title='bbox 658 3030 685 3094; x_wconf 81' lang='grc' dir='ltr'>ὅ</span> <span class='ocrx_word' id='word_1_183' title='bbox 732 3035 831 3092; x_wconf 82' lang='grc' dir='ltr'>τοῦ</span> <span class='ocrx_word' id='word_1_184' title='bbox 883 3029 1065 3092; x_wconf 78' lang='grc' dir='ltr'><strong><em>αἰτίου</em></strong></span> <span class='ocrx_word' id='word_1_185' title='bbox 1112 3029 1343 3107; x_wconf 71' lang='grc' dir='ltr'><strong><em>πατήρι</em></strong></span> <span class='ocrx_word' id='word_1_186' title='bbox 1390 3049 1533 3090; x_wconf 87' lang='lat' dir='ltr'>nam</span> <span class='ocrx_word' id='word_1_187' title='bbox 1581 3028 1633 3089; x_wconf 91' lang='lat' dir='ltr'>si</span> <span class='ocrx_word' id='word_1_188' title='bbox 1685 3031 1765 3107; x_wconf 80' lang='grc' dir='ltr'>τῷ</span> <span class='ocrx_word' id='word_1_189' title='bbox 1817 3028 1980 3107; x_wconf 80' lang='grc' dir='ltr'><strong><em>αἰτίῳ</em></strong></span> <span class='ocrx_word' id='word_1_190' title='bbox 2034 3035 2124 3090; x_wconf 91' lang='lat' dir='ltr'>est</span> <span class='ocrx_word' id='word_1_191' title='bbox 2169 3035 2374 3111; x_wconf 86' lang='lat' dir='ltr'>pater,</span> <span class='ocrx_word' id='word_1_192' title='bbox 2424 3048 2547 3089; x_wconf 90' lang='lat' dir='ltr'>non</span> <span class='ocrx_word' id='word_1_193' title='bbox 2595 3032 2685 3089; x_wconf 88' lang='lat' dir='ltr'>est</span> 
     </span>
     <span class='ocr_line' id='line_1_22' title="bbox 658 3145 2683 3228; baseline -0.002 -18"><span class='ocrx_word' id='word_1_194' title='bbox 658 3145 857 3216; x_wconf 75' lang='grc' dir='ltr'><strong><em>αἴτιος.</em></strong></span> <span class='ocrx_word' id='word_1_195' title='bbox 952 3145 1110 3209; x_wconf 83' lang='lat' dir='ltr'>Tum</span> <span class='ocrx_word' id='word_1_196' title='bbox 1168 3151 1418 3208; x_wconf 89' lang='lat' dir='ltr'>notetur</span> <span class='ocrx_word' id='word_1_197' title='bbox 1472 3145 1860 3228; x_wconf 85' lang='lat' dir='ltr'>pleonasmus</span> <span class='ocrx_word' id='word_1_198' title='bbox 1923 3147 2116 3223; x_wconf 72' lang='grc' dir='ltr'><strong><em>πατὴρ</em></strong></span> <span class='ocrx_word' id='word_1_199' title='bbox 2161 3147 2372 3224; x_wconf 74' lang='grc' dir='ltr'><strong><em>κύριοςε</em></strong></span> <span class='ocrx_word' id='word_1_200' title='bbox 2423 3167 2563 3208; x_wconf 86' lang='lat' dir='ltr'>nam</span> <span class='ocrx_word' id='word_1_201' title='bbox 2618 3146 2683 3207; x_wconf 88' lang='lat' dir='ltr'>in</span> 
     </span>
     <span class='ocr_line' id='line_1_23' title="bbox 666 3261 2684 3348; baseline -0 -22"><span class='ocrx_word' id='word_1_202' title='bbox 666 3264 911 3327; x_wconf 89' lang='lat' dir='ltr'>nomine</span> <span class='ocrx_word' id='word_1_203' title='bbox 980 3266 1173 3343; x_wconf 70' lang='grc' dir='ltr'><strong><em>πατὴρ</em></strong></span> <span class='ocrx_word' id='word_1_204' title='bbox 1251 3264 1411 3327; x_wconf 87' lang='lat' dir='ltr'>inest</span> <span class='ocrx_word' id='word_1_205' title='bbox 1464 3264 1593 3348; x_wconf 88' lang='lat' dir='ltr'>jam</span> <span class='ocrx_word' id='word_1_206' title='bbox 1657 3262 2017 3346; x_wconf 86' lang='lat' dir='ltr'>significatio</span> <span class='ocrx_word' id='word_1_207' title='bbox 2062 3269 2164 3326; x_wconf 80' lang='grc' dir='ltr'>τοῦ</span> <span class='ocrx_word' id='word_1_208' title='bbox 2209 3264 2410 3340; x_wconf 82' lang='grc' dir='ltr'><strong><em>κυρίου.</em></strong></span> <span class='ocrx_word' id='word_1_209' title='bbox 2474 3261 2684 3326; x_wconf 89' lang='lat' dir='ltr'>Delec-</span> 
     </span>
     <span class='ocr_line' id='line_1_24' title="bbox 664 3378 2678 3465; baseline -0.001 -22"><span class='ocrx_word' id='word_1_210' title='bbox 664 3389 834 3444; x_wconf 88' lang='lat' dir='ltr'>tatur</span> <span class='ocrx_word' id='word_1_211' title='bbox 894 3379 1207 3465; x_wconf 86' lang='lat' dir='ltr'>Epistolae</span> <span class='ocrx_word' id='word_1_212' title='bbox 1272 3381 1527 3464; x_wconf 87' lang='lat' dir='ltr'>scriptor</span> <span class='ocrx_word' id='word_1_213' title='bbox 1575 3380 1689 3443; x_wconf 88' lang='lat' dir='ltr'>hoc</span> <span class='ocrx_word' id='word_1_214' title='bbox 1735 3378 2050 3443; x_wconf 87' lang='lat' dir='ltr'>vocabu10.</span> <span class='ocrx_word' id='word_1_215' title='bbox 2131 3379 2228 3443; x_wconf 88' lang='lat' dir='ltr'>Sic</span> <span class='ocrx_word' id='word_1_216' title='bbox 2274 3379 2457 3464; x_wconf 89' lang='lat' dir='ltr'>paulo</span> <span class='ocrx_word' id='word_1_217' title='bbox 2505 3389 2678 3444; x_wconf 84' lang='lat' dir='ltr'>ante:</span> 
     </span>
     <span class='ocr_line' id='line_1_25' title="bbox 662 3497 2677 3584; baseline -0.001 -20"><span class='ocrx_word' id='word_1_218' title='bbox 662 3501 911 3579; x_wconf 79' lang='grc' dir='ltr'><strong><em>χρῆσθαι</em></strong></span> <span class='ocrx_word' id='word_1_219' title='bbox 958 3497 1197 3578; x_wconf 68' lang='grc' dir='ltr'><strong><em>ξυνθήκῃ</em></strong></span> <span class='ocrx_word' id='word_1_220' title='bbox 1242 3499 1339 3562; x_wconf 77' lang='grc' dir='ltr'>καὶ</span> <span class='ocrx_word' id='word_1_221' title='bbox 1388 3499 1537 3578; x_wconf 81' lang='grc' dir='ltr'><strong><em>νόμῳ</em></strong></span> <span class='ocrx_word' id='word_1_222' title='bbox 1585 3500 1768 3577; x_wconf 80' lang='grc' dir='ltr'><strong><em>κυρίῳ.</em></strong></span> <span class='ocrx_word' id='word_1_223' title='bbox 1818 3498 2010 3584; x_wconf 86' lang='lat' dir='ltr'>Epist.</span> <span class='ocrx_word' id='word_1_224' title='bbox 2060 3497 2256 3577; x_wconf 91' lang='lat' dir='ltr'>VIII,</span> <span class='ocrx_word' id='word_1_225' title='bbox 2306 3523 2364 3584; x_wconf 88' lang='lat' dir='ltr'>p.</span> <span class='ocrx_word' id='word_1_226' title='bbox 2425 3502 2554 3563; x_wconf 78' lang='lat'><strong>354·</strong></span> <span class='ocrx_word' id='word_1_227' title='bbox 2602 3498 2677 3562; x_wconf 89' lang='lat' dir='ltr'>C:</span> 
     </span>
     <span class='ocr_line' id='line_1_26' title="bbox 663 3616 2682 3698; baseline -0.001 -16"><span class='ocrx_word' id='word_1_228' title='bbox 663 3618 828 3693; x_wconf 78' lang='grc' dir='ltr'><strong><em>νόμος</em></strong></span> <span class='ocrx_word' id='word_1_229' title='bbox 875 3618 1067 3691; x_wconf 71' lang='grc' dir='ltr'><em>ἐπειδὴ</em></span> <span class='ocrx_word' id='word_1_230' title='bbox 1113 3616 1292 3698; x_wconf 79' lang='grc' dir='ltr'><strong><em>κύριος</em></strong></span> <span class='ocrx_word' id='word_1_231' title='bbox 1346 3618 1574 3694; x_wconf 73' lang='grc' dir='ltr'><strong><em>ἐγένετο</em></strong></span> <span class='ocrx_word' id='word_1_232' title='bbox 1622 3617 1907 3694; x_wconf 68' lang='grc' dir='ltr'>βασιλεὺς</span> <span class='ocrx_word' id='word_1_233' title='bbox 1953 3623 2064 3681; x_wconf 80' lang='grc' dir='ltr'>τῶν</span> <span class='ocrx_word' id='word_1_234' title='bbox 2107 3619 2425 3698; x_wconf 66' lang='grc' dir='ltr'><strong><em>ἀνθρώπων.</em></strong></span> <span class='ocrx_word' id='word_1_235' title='bbox 2460 3617 2578 3682; x_wconf 88' lang='lat' dir='ltr'>Sed</span> <span class='ocrx_word' id='word_1_236' title='bbox 2611 3627 2682 3681; x_wconf 88' lang='lat' dir='ltr'>ut</span> 
     </span>
     <span class='ocr_line' id='line_1_27' title="bbox 664 3734 2681 3820; baseline 0 -22"><span class='ocrx_word' id='word_1_237' title='bbox 664 3735 742 3799; x_wconf 83' lang='lat' dir='ltr'>ad</span> <span class='ocrx_word' id='word_1_238' title='bbox 788 3757 913 3798; x_wconf 86' lang='lat' dir='ltr'>rem</span> <span class='ocrx_word' id='word_1_239' title='bbox 958 3734 1308 3813; x_wconf 74' lang='lat' dir='ltr'>veniamus„</span> <span class='ocrx_word' id='word_1_240' title='bbox 1357 3736 1422 3798; x_wconf 91' lang='lat' dir='ltr'>in</span> <span class='ocrx_word' id='word_1_241' title='bbox 1468 3735 1564 3799; x_wconf 90' lang='lat' dir='ltr'>his</span> <span class='ocrx_word' id='word_1_242' title='bbox 1614 3757 1860 3819; x_wconf 89' lang='lat' dir='ltr'>quoque</span> <span class='ocrx_word' id='word_1_243' title='bbox 1893 3735 2058 3800; x_wconf 90' lang='lat' dir='ltr'>docti</span> <span class='ocrx_word' id='word_1_244' title='bbox 2089 3745 2468 3820; x_wconf 84' lang='lat' dir='ltr'>agnoverunt</span> <span class='ocrx_word' id='word_1_245' title='bbox 2499 3737 2681 3820; x_wconf 86' lang='lat' dir='ltr'>placi-</span> 
     </span>
     <span class='ocr_line' id='line_1_28' title="bbox 661 3851 2679 3938; baseline 0 -22"><span class='ocrx_word' id='word_1_246' title='bbox 661 3859 795 3918; x_wconf 88' lang='lat' dir='ltr'>tum</span> <span class='ocrx_word' id='word_1_247' title='bbox 848 3853 923 3916; x_wconf 89' lang='lat' dir='ltr'>de</span> <span class='ocrx_word' id='word_1_248' title='bbox 984 3851 1189 3917; x_wconf 86' lang='lat' dir='ltr'>Verbo</span> <span class='ocrx_word' id='word_1_249' title='bbox 1236 3853 1360 3916; x_wconf 84' lang='lat' dir='ltr'>sive</span> <span class='ocrx_word' id='word_1_250' title='bbox 1410 3853 1603 3931; x_wconf 81' lang='lat' dir='ltr'>Filio,</span> <span class='ocrx_word' id='word_1_251' title='bbox 1668 3852 1835 3938; x_wconf 86' lang='lat' dir='ltr'>quod</span> <span class='ocrx_word' id='word_1_252' title='bbox 1897 3852 2000 3916; x_wconf 91' lang='lat' dir='ltr'>alii</span> <span class='ocrx_word' id='word_1_253' title='bbox 2063 3876 2099 3917; x_wconf 84' lang='lat' dir='ltr'>a</span> <span class='ocrx_word' id='word_1_254' title='bbox 2141 3851 2486 3918; x_wconf 85' lang='lat' dir='ltr'>Christiana</span> <span class='ocrx_word' id='word_1_255' title='bbox 2541 3854 2679 3916; x_wconf 90' lang='lat' dir='ltr'>doc-</span> 
     </span>
    </p>
   </div>
   <div class='ocr_carea' id='block_1_4' title="bbox 666 4005 1049 4016">
    <p class='ocr_par' dir='ltr' id='par_1_4' title="bbox 666 4005 1049 4016">
     <span class='ocr_line' id='line_1_29' title="bbox 666 4005 1049 4016; baseline 0 1068"><span class='ocrx_word' id='word_1_256' title='bbox 666 4005 1049 4016; x_wconf 95' lang='lat' dir='ltr'> </span> 
     </span>
    </p>
   </div>
   <div class='ocr_carea' id='block_1_5' title="bbox 665 4068 2676 4246">
    <p class='ocr_par' dir='ltr' id='par_1_5' title="bbox 665 4068 2676 4246">
     <span class='ocr_line' id='line_1_30' title="bbox 734 4068 2676 4134; baseline 0.001 -19"><span class='ocrx_word' id='word_1_257' title='bbox 734 4068 778 4128; x_wconf 91' lang='lat'>1)</span> <span class='ocrx_word' id='word_1_258' title='bbox 810 4068 987 4117; x_wconf 73' lang='lat' dir='ltr'>Eadem</span> <span class='ocrx_word' id='word_1_259' title='bbox 1019 4069 1206 4118; x_wconf 80' lang='lat' dir='ltr'>ratione</span> <span class='ocrx_word' id='word_1_260' title='bbox 1238 4069 1483 4132; x_wconf 79' lang='lat' dir='ltr'>Epistulae</span> <span class='ocrx_word' id='word_1_261' title='bbox 1514 4069 1720 4132; x_wconf 85' lang='lat' dir='ltr'>scriptor</span> <span class='ocrx_word' id='word_1_262' title='bbox 1757 4068 1976 4118; x_wconf 76' lang='lat' dir='ltr'>formulis</span> <span class='ocrx_word' id='word_1_263' title='bbox 2007 4072 2063 4121; x_wconf 78' lang='grc' dir='ltr'>τὸ</span> <span class='ocrx_word' id='word_1_264' title='bbox 2085 4071 2134 4120; x_wconf 74' lang='grc' dir='ltr'>τί</span> <span class='ocrx_word' id='word_1_265' title='bbox 2155 4073 2204 4116; x_wconf 81' lang='lat' dir='ltr'>et</span> <span class='ocrx_word' id='word_1_266' title='bbox 2237 4073 2292 4119; x_wconf 77' lang='grc' dir='ltr'>τὸ</span> <span class='ocrx_word' id='word_1_267' title='bbox 2311 4077 2436 4120; x_wconf 76' lang='grc' dir='ltr'><strong><em>ποῖόν</em></strong></span> <span class='ocrx_word' id='word_1_268' title='bbox 2462 4089 2531 4134; x_wconf 79' lang='grc' dir='ltr'>τι,</span> <span class='ocrx_word' id='word_1_269' title='bbox 2560 4085 2676 4132; x_wconf 80' lang='lat' dir='ltr'>quas</span> 
     </span>
     <span class='ocr_line' id='line_1_31' title="bbox 665 4163 2672 4246; baseline 0 -35"><span class='ocrx_word' id='word_1_270' title='bbox 665 4163 942 4212; x_wconf 75' lang='lat' dir='ltr'>Aristoteles</span> <span class='ocrx_word' id='word_1_271' title='bbox 992 4165 1173 4227; x_wconf 86' lang='lat' dir='ltr'>primus</span> <span class='ocrx_word' id='word_1_272' title='bbox 1217 4165 1427 4246; x_wconf 52' lang='lat' dir='ltr'>spreuit,</span> <span class='ocrx_word' id='word_1_273' title='bbox 1476 4180 1589 4212; x_wconf 84' lang='lat' dir='ltr'>usus</span> <span class='ocrx_word' id='word_1_274' title='bbox 1641 4167 1714 4214; x_wconf 78' lang='lat' dir='ltr'>est</span> <span class='ocrx_word' id='word_1_275' title='bbox 1766 4169 1990 4228; x_wconf 79' lang='lat' dir='ltr'>tanquam</span> <span class='ocrx_word' id='word_1_276' title='bbox 2041 4163 2328 4222; x_wconf 81' lang='lat' dir='ltr'>Platonicis,</span> <span class='ocrx_word' id='word_1_277' title='bbox 2383 4172 2436 4212; x_wconf 82' lang='lat' dir='ltr'>nt</span> <span class='ocrx_word' id='word_1_278' title='bbox 2488 4166 2672 4214; x_wconf 83' lang='lat' dir='ltr'>ostendi</span> 
     </span>
    </p>
   </div>
   <div class='ocr_carea' id='block_1_6' title="bbox 660 4257 1030 4323">
    <p class='ocr_par' dir='ltr' id='par_1_6' title="bbox 660 4257 1030 4323">
     <span class='ocr_line' id='line_1_32' title="bbox 660 4257 1030 4323; baseline 0.005 -17"><span class='ocrx_word' id='word_1_279' title='bbox 660 4273 801 4323; x_wconf 71' lang='lat' dir='ltr'>supra</span> <span class='ocrx_word' id='word_1_280' title='bbox 835 4274 882 4321; x_wconf 87' lang='lat' dir='ltr'>p.</span> <span class='ocrx_word' id='word_1_281' title='bbox 919 4257 1030 4310; x_wconf 77' lang='lat'>19⁷.</span> 
     </span>
    </p>
   </div>
  </div>
 </body>
</html>
