3092 5084
1522 479 1649 540 230

668 685 733 749 Si
800 687 931 772 ipse
998 685 1087 750 ita
1130 685 1465 762 sentiebat,
1512 683 1664 768 quid
1711 685 1934 749 mirum
1981 686 2031 749 si
2079 709 2115 748 a
2159 685 2372 750 multis
2420 707 2594 770 prop·

577 813 673 870 ter
718 805 951 870 «itinera
994 804 1115 868 ista
1174 804 1556 889 vituperatus
1617 810 1712 868 est
1757 811 1866 868 aut
1926 803 2209 870 derisus?
2295 803 2361 868 Si
2421 803 2598 868 Euri·

582 922 711 1008 pidi
770 922 921 986 vitio
982 922 1197 988 datum
1275 928 1368 988 est
1438 922 1605 1008 quod
1659 921 1946 988 Archelai
1997 921 2394 988 Macedoniae
2438 921 2596 1006 regis

580 1041 917 1127 hospitium
950 1040 1335 1125 sequebatur,
1368 1049 1603 1125 quanto
1635 1041 1835 1106 acrius
1867 1041 2170 1106 offendere
2194 1041 2412 1106 debuit
2431 1039 2597 1125 quod

578 1159 757 1224 Plato
774 1209 794 1238 ‚
864 1161 957 1225 vir
1026 1159 1307 1226 doctrina
1320 1209 1341 1239 ‚
1402 1161 1704 1246 sapientia
1717 1209 1736 1239 ,
1813 1161 2050 1246 generis
2119 1159 2441 1246 splendore
2477 1145 2598 1224 'in-

580 1277 770 1363 signis
782 1327 803 1357 ,
874 1278 951 1343 ad
1016 1277 1453 1364 Syracusarum
1497 1286 1788 1364 tyrannos
1843 1278 2168 1344 diverteret
2183 1277 2230 1342 Ρ,
2295 1277 2590 1342 Omnium

582 1397 739 1462 enim
788 1403 1187 1484 tyrannorum
1231 1399 1491 1464 maxime
1536 1398 1864 1484 Dionysius
1909 1398 1987 1463 ob
2035 1397 2372 1484 potentiam
2403 1418 2596 1482 aeque

582 1523 767 1602 atque
830 1517 911 1582 ob
971 1518 1319 1603 superbiam
1379 1525 1441 1582 et
1498 1517 2026 1603 importunitatem
2081 1517 2330 1582 Graecis
2373 1516 2600 1582 invisos

581 1636 770 1700 fuisse
784 1685 803 1715 ‚
852 1657 925 1700 ex
970 1636 1227 1701 historia
1268 1644 1487 1702 notum
1532 1645 1624 1702 est
1659 1637 1728 1722 1).
1775 1635 1904 1717 Qui
1947 1636 2139 1722 igitur
2183 1636 2272 1702 sic
2317 1635 2597 1700 utPlato

584 1755 805 1819 horum
863 1762 1263 1840 tyrannorum
1322 1754 1517 1840 gratia
1575 1755 1850 1834 floreret,
1911 1755 2220 1840 quomodo
2274 1754 2326 1818 is
2371 1754 2598 1820 civium

584 1873 881 1939 invidiam
912 1874 1135 1939 evitare
1178 1875 1520 1960 potuisset?
1567 1874 1824 1940 Accedit
1853 1873 2020 1960 quod
2055 1873 2412 1940 indecorum
2443 1873 2605 1938 vide-

586 1992 770 2058 batur
784 2041 803 2076 ,
848 1992 1285 2080 philosophum
1298 2041 1319 2073 ‚
1382 1994 1491 2077 qui
1532 2001 1800 2059 mentem
1843 1993 2104 2058 maxime
2147 1992 2330 2058 rebus
2375 1993 2600 2058 divinis

592 2113 895 2177 intentam
979 2112 1261 2192 haberet,
1324 2113 1674 2178 istiusmodi
1747 2113 2068 2179 hominum
2135 2113 2427 2199 hospitio
2471 2114 2566 2178 uti
2582 2163 2600 2193 ‚

594 2253 858 2317 quorum
904 2231 1152 2296 luxuria
1196 2239 1260 2298 et
1300 2232 1493 2298 libido
1538 2233 1606 2297 in
1651 2233 2039 2318 proverbium
2085 2232 2378 2298 abierant.
2411 2233 2458 2319 ²)

680 2349 960 2415 Laertius
1008 2350 1243 2416 dictum
1287 2351 1465 2416 nobis
1494 2351 1758 2417 servavit
1787 2351 2055 2416 Molonis
2087 2351 2406 2417 cuiusdam
2419 2399 2438 2430 ,
2471 2351 2609 2416 Pla-

592 2453 797 2547 tonis,
851 2475 925 2534 ut
963 2468 1237 2547 videtur,
1284 2470 1558 2555 aequalis
1602 2469 1764 2555 (III,
1811 2473 1845 2557 §
1889 2473 1995 2536 34.
2043 2471 2120 2535 cf.
2159 2471 2406 2556 Menag.
2449 2469 2602 2536 Obs.

594 2611 654 2674 p.
706 2589 887 2674 151),
934 2587 1100 2654 unde
1144 2588 1435 2654 discimus
1478 2611 1684 2654 revera
1727 2590 1916 2655 fuisse
1962 2591 2068 2675 qui
2113 2589 2430 2655 Platonem
2463 2590 2604 2656 ideo

595 2707 953 2794 culparentt
1021 2708 1084 2772 οὗ
1142 2713 1311 2773 τοῦτο
1328 2751 1348 2784 ,
1408 2707 1648 2793 inquit,
1709 2710 2047 2787 θαυμαστὸν
2063 2759 2080 2787 ,
2119 2708 2169 2774 εἰ
2215 2707 2502 2781 Διονύσιος
2548 2709 2608 2774 ἐν

593 2826 828 2908 Κορίνθῳ
844 2876 863 2911 ‚
906 2827 1050 2891 ἀλλ’
1078 2827 1129 2892 εἰ
1171 2825 1425 2892 Πλάτων
1468 2829 1525 2892 ἐν
1570 2828 1846 2904 Σικελίᾳε
1898 2850 2066 2913 „non
2101 2835 2230 2892 tam
2261 2827 2610 2894 mirandum

598 2944 767 3030 quod
826 2951 1123 3032 tyrannus
1181 2935 1370 3032 regno
1430 2946 1650 3032 pulsus
1695 2945 1978 3013 Corinthi
2039 2946 2344 3012 exsularet
2357 2995 2376 3026 ,
2427 2968 2611 3032 quam

600 3063 768 3149 quod
843 3063 1123 3150 princeps
1198 3063 1602 3151 philosophus
1661 3065 1906 3151 tyranni
1974 3065 2178 3130 aulam
2244 3065 2638 3130 visitasset.”⁴

600 3183 807 3268 Atque
827 3181 1177 3249 istiusmodi
1194 3183 1724 3269 reprehensionem
1753 3185 2049 3270 respicere
2080 3183 2610 3270 epistolographus

667 3512 717 3576 1)
750 3512 946 3578 Insigne
978 3511 1121 3562 huius
1154 3511 1250 3562 odii
1285 3511 1628 3562 documentum
1661 3512 1847 3564 editum
1879 3516 1954 3563 est
1985 3513 2112 3564 ludis
2148 3513 2388 3580 Olympiis
2419 3531 2463 3565 a.
2483 3515 2582 3565 384
2601 3552 2616 3574 ,

602 3606 684 3658 nbi
707 3607 928 3673 Dionysii
950 3606 1165 3668 theoria,
1198 3607 1457 3672 instigante
1492 3607 1636 3673 Lysia
1653 3612 1870 3668 oratore,
1893 3625 1919 3658 e
1943 3613 2186 3661 conventu
2207 3609 2370 3676 pulsa,
2396 3609 2620 3670 tentoria,

602 3717 773 3753 currus
790 3741 805 3762 ,
858 3703 983 3754 dona
1028 3719 1149 3768 quae
1200 3704 1429 3754 attulerat
1470 3707 1680 3754 cremata
1711 3709 1841 3754 sunt.
1907 3705 2030 3754 Rem
2063 3709 2255 3754 enarrat
2289 3705 2464 3764 Grote,
2485 3705 2617 3756 Hist.

602 3799 658 3849 of
694 3799 859 3849 Greec.
887 3798 1002 3849 -voL
1035 3797 1139 3859 XI,
1172 3815 1223 3864 p.
1256 3799 1339 3850 31.
1403 3799 1567 3850 Etiam
1600 3799 1717 3860 Dio,
1759 3816 1906 3864 quum
1941 3817 1970 3851 a
2003 3805 2208 3866 tyranno
2243 3817 2270 3850 e
2301 3800 2466 3852 Sicilia
2500 3801 2624 3866 ejec-

602 3901 683 3946 tus
715 3900 841 3946 esset
872 3895 931 3946 ab
963 3894 1334 3946 Atheniensibus
1366 3895 1570 3960 benigne
1603 3900 1828 3963 exceptus
1861 3900 1912 3948 et
1932 3897 1992 3947 ab
2009 3897 2232 3948 omnibus
2256 3897 2480 3947 Graeciae
2501 3897 2624 3948 civi-

602 3991 782 4042 tatibus
814 4006 984 4057 magno
1018 3990 1198 4042 honore
1229 3995 1305 4042 est
1338 3991 1545 4044 habitus.

675 4086 728 4152 2)
763 4087 915 4138 Cuius
946 4088 1015 4138 rei
1050 4086 1269 4138 meminit
1300 4087 1515 4152 Epistola
1550 4087 1645 4138 V11
1662 4125 1679 4148 ,
1711 4104 1758 4152 p.
1795 4089 1891 4138 326
1925 4089 1967 4138 B
1987 4104 2000 4133 t
2021 4091 2156 4154 βίος.
2175 4084 2630 4140 ..Ἰταλιωτικῶν

606 4187 682 4236 καὶ
727 4188 1087 4252 Συρακοσίων
1128 4191 1435 4252 τραπεζῶν
1481 4187 1684 4253 πλήρης.
1729 4188 1778 4233 et
1831 4199 1879 4248 p.
1921 4183 2039 4248 336·
2067 4183 2137 4233 D:
2186 4187 2264 4234 τὸν
2295 4189 2366 4249 μὴ
2395 4184 2630 4249 δυνάμενον

607 4283 797 4350 Δωριστὶ
834 4287 948 4344 ςῆν.
976 4315 988 4328 .
1010 4315 1052 4344 .,
1088 4279 1303 4332 διώκοντα
1338 4279 1485 4330 δὲ...
1517 4283 1596 4331 τὸν
1629 4282 1915 4332 Σικελικὸν
1945 4282 2090 4349 βίον.
