<?xml version="1.0" encoding="UTF-8"?>
<!DOCTYPE html PUBLIC "-//W3C//DTD XHTML 1.0 Transitional//EN"
    "http://www.w3.org/TR/xhtml1/DTD/xhtml1-transitional.dtd">
<html xmlns="http://www.w3.org/1999/xhtml" xml:lang="en" lang="en">
 <head>
  <title>
</title>
<meta http-equiv="Content-Type" content="text/html;charset=utf-8" />
  <meta name='ocr-system' content='tesseract 3.04.00' />
  <meta name='ocr-capabilities' content='ocr_page ocr_carea ocr_par ocr_line ocrx_word'/>
</head>
<body>
  <div class='ocr_page' id='page_1' title='image "./commentatiocrit01karsgoog_0167.png"; bbox 0 0 3092 5084; ppageno 0'>
   <div class='ocr_carea' id='block_1_1' title="bbox 1411 462 1533 521">
    <p class='ocr_par' dir='ltr' id='par_1_1' title="bbox 1411 462 1533 521">
     <span class='ocr_line' id='line_1_1' title="bbox 1411 462 1533 521; baseline 0 0"><span class='ocrx_word' id='word_1_1' title='bbox 1411 462 1533 521; x_wconf 78' lang='lat'><strong>133</strong></span> 
     </span>
    </p>
   </div>
   <div class='ocr_carea' id='block_1_2' title="bbox 468 665 2487 3835">
    <p class='ocr_par' dir='ltr' id='par_1_2' title="bbox 482 665 2487 1817">
     <span class='ocr_line' id='line_1_2' title="bbox 482 665 2484 756; baseline 0.001 -29"><span class='ocrx_word' id='word_1_2' title='bbox 482 665 809 729; x_wconf 83' lang='lat' dir='ltr'><strong>Tarentum</strong></span> <span class='ocrx_word' id='word_1_3' title='bbox 857 667 1049 743; x_wconf 86' lang='lat' dir='ltr'><strong>adire,</strong></span> <span class='ocrx_word' id='word_1_4' title='bbox 1097 668 1205 731; x_wconf 90' lang='lat' dir='ltr'><strong>ubi</strong></span> <span class='ocrx_word' id='word_1_5' title='bbox 1269 675 1394 756; x_wconf 88' lang='lat' dir='ltr'><strong>tum</strong></span> <span class='ocrx_word' id='word_1_6' title='bbox 1445 668 1806 731; x_wconf 84' lang='lat' dir='ltr'><strong>auctoritate</strong></span> <span class='ocrx_word' id='word_1_7' title='bbox 1852 668 2105 731; x_wconf 89' lang='lat' dir='ltr'><strong>florebat</strong></span> <span class='ocrx_word' id='word_1_8' title='bbox 2152 666 2484 751; x_wconf 73' lang='lat' dir='ltr'><strong>ArchytaS,</strong></span> 
     </span>
     <span class='ocr_line' id='line_1_3' title="bbox 484 785 2485 870; baseline 0 -23"><span class='ocrx_word' id='word_1_9' title='bbox 484 785 881 869; x_wconf 89' lang='lat' dir='ltr'><strong>philosophus</strong></span> <span class='ocrx_word' id='word_1_10' title='bbox 928 785 1210 869; x_wconf 84' lang='lat' dir='ltr'><strong>idemque</strong></span> <span class='ocrx_word' id='word_1_11' title='bbox 1254 786 1580 870; x_wconf 89' lang='lat' dir='ltr'><strong>imperator</strong></span> <span class='ocrx_word' id='word_1_12' title='bbox 1625 786 1858 863; x_wconf 77' lang='lat' dir='ltr'><strong>claruS,</strong></span> <span class='ocrx_word' id='word_1_13' title='bbox 1930 786 1989 849; x_wconf 92' lang='lat' dir='ltr'><strong>in</strong></span> <span class='ocrx_word' id='word_1_14' title='bbox 2063 809 2180 869; x_wconf 86' lang='lat' dir='ltr'><strong>qua</strong></span> <span class='ocrx_word' id='word_1_15' title='bbox 2243 786 2485 848; x_wconf 85' lang='lat' dir='ltr'><strong>civitate</strong></span> 
     </span>
     <span class='ocr_line' id='line_1_4' title="bbox 483 903 2486 988; baseline 0.001 -23"><span class='ocrx_word' id='word_1_16' title='bbox 483 904 800 987; x_wconf 87' lang='lat' dir='ltr'><strong>reperisset</strong></span> <span class='ocrx_word' id='word_1_17' title='bbox 860 904 1111 967; x_wconf 79' lang='lat' dir='ltr'><strong>forsitan</strong></span> <span class='ocrx_word' id='word_1_18' title='bbox 1178 903 1241 967; x_wconf 90' lang='lat' dir='ltr'><strong>id</strong></span> <span class='ocrx_word' id='word_1_19' title='bbox 1305 904 1469 988; x_wconf 84' lang='lat' dir='ltr'><strong>quod</strong></span> <span class='ocrx_word' id='word_1_20' title='bbox 1539 904 1884 987; x_wconf 87' lang='lat' dir='ltr'><strong>quaerebat.</strong></span> <span class='ocrx_word' id='word_1_21' title='bbox 1978 904 2095 968; x_wconf 87' lang='lat' dir='ltr'><strong>Sed</strong></span> <span class='ocrx_word' id='word_1_22' title='bbox 2165 926 2303 967; x_wconf 91' lang='lat' dir='ltr'><strong>cum</strong></span> <span class='ocrx_word' id='word_1_23' title='bbox 2374 904 2486 967; x_wconf 87' lang='lat' dir='ltr'><strong>hac</strong></span> 
     </span>
     <span class='ocr_line' id='line_1_5' title="bbox 484 1022 2487 1107; baseline 0 -22"><span class='ocrx_word' id='word_1_24' title='bbox 484 1022 750 1106; x_wconf 88' lang='lat' dir='ltr'><strong>suscepti</strong></span> <span class='ocrx_word' id='word_1_25' title='bbox 809 1022 1041 1085; x_wconf 88' lang='lat' dir='ltr'><strong>itineris</strong></span> <span class='ocrx_word' id='word_1_26' title='bbox 1100 1022 1333 1086; x_wconf 90' lang='lat' dir='ltr'><strong>ratione</strong></span> <span class='ocrx_word' id='word_1_27' title='bbox 1394 1045 1516 1087; x_wconf 88' lang='lat' dir='ltr'><strong>non</strong></span> <span class='ocrx_word' id='word_1_28' title='bbox 1564 1022 1830 1085; x_wconf 79' lang='lat' dir='ltr'>concinit</span> <span class='ocrx_word' id='word_1_29' title='bbox 1883 1023 2048 1105; x_wconf 92' lang='lat' dir='ltr'><strong>quod</strong></span> <span class='ocrx_word' id='word_1_30' title='bbox 2103 1023 2286 1107; x_wconf 88' lang='lat' dir='ltr'><strong>vulgo</strong></span> <span class='ocrx_word' id='word_1_31' title='bbox 2339 1022 2487 1085; x_wconf 87' lang='lat' dir='ltr'><strong>rela-</strong></span> 
     </span>
     <span class='ocr_line' id='line_1_6' title="bbox 484 1140 2484 1223; baseline 0.001 -20"><span class='ocrx_word' id='word_1_32' title='bbox 484 1154 615 1205; x_wconf 91' lang='lat' dir='ltr'><strong>tum</strong></span> <span class='ocrx_word' id='word_1_33' title='bbox 674 1148 797 1217; x_wconf 89' lang='lat' dir='ltr'><strong>est,</strong></span> <span class='ocrx_word' id='word_1_34' title='bbox 856 1141 1173 1205; x_wconf 81' lang='lat' dir='ltr'><strong>Platonem</strong></span> <span class='ocrx_word' id='word_1_35' title='bbox 1228 1140 1566 1205; x_wconf 90' lang='lat' dir='ltr'><strong>discendi</strong></span> <span class='ocrx_word' id='word_1_36' title='bbox 1623 1162 1805 1205; x_wconf 90' lang='lat' dir='ltr'><strong>causa</strong></span> <span class='ocrx_word' id='word_1_37' title='bbox 1850 1140 1915 1204; x_wconf 93' lang='lat' dir='ltr'><strong>in</strong></span> <span class='ocrx_word' id='word_1_38' title='bbox 1958 1140 2203 1205; x_wconf 83' lang='lat' dir='ltr'><strong>Italiam</strong></span> <span class='ocrx_word' id='word_1_39' title='bbox 2251 1142 2484 1223; x_wconf 86' lang='lat' dir='ltr'><strong>venisse</strong></span> 
     </span>
     <span class='ocr_line' id='line_1_7' title="bbox 488 1258 2485 1345; baseline -0.001 -22"><span class='ocrx_word' id='word_1_40' title='bbox 488 1266 549 1323; x_wconf 89' lang='lat' dir='ltr'><strong>et</strong></span> <span class='ocrx_word' id='word_1_41' title='bbox 584 1258 915 1323; x_wconf 87' lang='lat' dir='ltr'><strong>Tarentum</strong></span> <span class='ocrx_word' id='word_1_42' title='bbox 955 1260 1205 1337; x_wconf 83' lang='lat' dir='ltr'><strong>adiisse,</strong></span> <span class='ocrx_word' id='word_1_43' title='bbox 1255 1267 1326 1324; x_wconf 91' lang='lat' dir='ltr'><strong>ut</strong></span> <span class='ocrx_word' id='word_1_44' title='bbox 1345 1299 1351 1305; x_wconf 90' lang='lat'><strong>·</strong></span> <span class='ocrx_word' id='word_1_45' title='bbox 1370 1260 1890 1345; x_wconf 78' lang='lat' dir='ltr'><strong>Pythagoreorum</strong></span> <span class='ocrx_word' id='word_1_46' title='bbox 1934 1259 2220 1323; x_wconf 89' lang='lat' dir='ltr'><strong>instituta</strong></span> <span class='ocrx_word' id='word_1_47' title='bbox 2265 1282 2485 1343; x_wconf 90' lang='lat' dir='ltr'><strong>cogno-</strong></span> 
     </span>
     <span class='ocr_line' id='line_1_8' title="bbox 484 1376 2483 1463; baseline -0.001 -23"><span class='ocrx_word' id='word_1_48' title='bbox 484 1386 707 1441; x_wconf 87' lang='lat' dir='ltr'><strong>sceret:</strong></span> <span class='ocrx_word' id='word_1_49' title='bbox 772 1378 936 1462; x_wconf 91' lang='lat' dir='ltr'><strong>quod</strong></span> <span class='ocrx_word' id='word_1_50' title='bbox 999 1401 1139 1442; x_wconf 88' lang='lat' dir='ltr'><strong>sane</strong></span> <span class='ocrx_word' id='word_1_51' title='bbox 1184 1379 1381 1442; x_wconf 89' lang='lat' dir='ltr'><strong>multo</strong></span> <span class='ocrx_word' id='word_1_52' title='bbox 1428 1388 1487 1441; x_wconf 90' lang='lat' dir='ltr'><strong>et</strong></span> <span class='ocrx_word' id='word_1_53' title='bbox 1533 1377 1908 1463; x_wconf 83' lang='lat' dir='ltr'><strong>probabilius</strong></span> <span class='ocrx_word' id='word_1_54' title='bbox 1955 1385 2014 1440; x_wconf 91' lang='lat' dir='ltr'><strong>et</strong></span> <span class='ocrx_word' id='word_1_55' title='bbox 2063 1376 2306 1461; x_wconf 86' lang='lat' dir='ltr'><strong>dignius</strong></span> <span class='ocrx_word' id='word_1_56' title='bbox 2355 1378 2483 1461; x_wconf 90' lang='lat' dir='ltr'><strong>phi-</strong></span> 
     </span>
     <span class='ocr_line' id='line_1_9' title="bbox 482 1495 2480 1581; baseline 0.001 -23"><span class='ocrx_word' id='word_1_57' title='bbox 482 1495 739 1581; x_wconf 87' lang='lat' dir='ltr'><strong>losopho</strong></span> <span class='ocrx_word' id='word_1_58' title='bbox 794 1519 975 1581; x_wconf 90' lang='lat' dir='ltr'><strong>quam</strong></span> <span class='ocrx_word' id='word_1_59' title='bbox 1024 1498 1252 1581; x_wconf 82' lang='lat' dir='ltr'><strong>patriae</strong></span> <span class='ocrx_word' id='word_1_60' title='bbox 1296 1497 1497 1560; x_wconf 91' lang='lat' dir='ltr'><strong>taedio</strong></span> <span class='ocrx_word' id='word_1_61' title='bbox 1543 1497 1609 1560; x_wconf 95' lang='lat' dir='ltr'><strong>in</strong></span> <span class='ocrx_word' id='word_1_62' title='bbox 1640 1496 1883 1561; x_wconf 88' lang='lat' dir='ltr'><strong>Italiam</strong></span> <span class='ocrx_word' id='word_1_63' title='bbox 1916 1519 2054 1560; x_wconf 90' lang='lat' dir='ltr'><strong>eum</strong></span> <span class='ocrx_word' id='word_1_64' title='bbox 2096 1496 2400 1579; x_wconf 86' lang='lat' dir='ltr'><strong>migrasse.</strong></span> <span class='ocrx_word' id='word_1_65' title='bbox 2435 1498 2480 1580; x_wconf 83' lang='lat'><strong>1)</strong></span> 
     </span>
     <span class='ocr_line' id='line_1_10' title="bbox 487 1588 2482 1701; baseline 0.001 -26"><span class='ocrx_word' id='word_1_66' title='bbox 487 1612 798 1697; x_wconf 87' lang='lat' dir='ltr'><strong>Epistolae</strong></span> <span class='ocrx_word' id='word_1_67' title='bbox 860 1616 1115 1701; x_wconf 82' lang='lat' dir='ltr'><strong>scriptor</strong></span> <span class='ocrx_word' id='word_1_68' title='bbox 1158 1614 1221 1678; x_wconf 91' lang='lat' dir='ltr'><strong>id</strong></span> <span class='ocrx_word' id='word_1_69' title='bbox 1262 1622 1369 1678; x_wconf 88' lang='lat' dir='ltr'><strong>aut</strong></span> <span class='ocrx_word' id='word_1_70' title='bbox 1412 1615 1720 1700; x_wconf 87' lang='lat' dir='ltr'><strong>ignorasse</strong></span> <span class='ocrx_word' id='word_1_71' title='bbox 1763 1588 2006 1679; x_wconf 86' lang='lat' dir='ltr'><strong>videtur</strong></span> <span class='ocrx_word' id='word_1_72' title='bbox 2051 1620 2185 1692; x_wconf 89' lang='lat' dir='ltr'><strong>aut,</strong></span> <span class='ocrx_word' id='word_1_73' title='bbox 2236 1622 2305 1677; x_wconf 91' lang='lat' dir='ltr'><strong>ut</strong></span> <span class='ocrx_word' id='word_1_74' title='bbox 2351 1638 2482 1700; x_wconf 89' lang='lat' dir='ltr'><strong>pro-</strong></span> 
     </span>
     <span class='ocr_line' id='line_1_11' title="bbox 485 1732 2164 1817; baseline 0.002 -23"><span class='ocrx_word' id='word_1_75' title='bbox 485 1733 681 1817; x_wconf 91' lang='lat' dir='ltr'><strong>posito</strong></span> <span class='ocrx_word' id='word_1_76' title='bbox 722 1756 831 1797; x_wconf 91' lang='lat' dir='ltr'><strong>suo</strong></span> <span class='ocrx_word' id='word_1_77' title='bbox 876 1733 1079 1797; x_wconf 90' lang='lat' dir='ltr'><strong>minus</strong></span> <span class='ocrx_word' id='word_1_78' title='bbox 1126 1733 1684 1815; x_wconf 87' lang='lat' dir='ltr'><strong>accommodatum,</strong></span> <span class='ocrx_word' id='word_1_79' title='bbox 1731 1732 2164 1797; x_wconf 85' lang='lat' dir='ltr'><strong>dissimulasse.</strong></span> 
     </span>
    </p>

    <p class='ocr_par' dir='ltr' id='par_1_3' title="bbox 468 1828 2478 3835">
     <span class='ocr_line' id='line_1_12' title="bbox 524 1828 2478 1936; baseline 0.001 -23"><span class='ocrx_word' id='word_1_80' title='bbox 524 1918 527 1921; x_wconf 58' lang='grc'><strong>,</strong></span> <span class='ocrx_word' id='word_1_81' title='bbox 566 1828 881 1915; x_wconf 78' lang='lat' dir='ltr'><strong>Frustrata</strong></span> <span class='ocrx_word' id='word_1_82' title='bbox 924 1874 1063 1936; x_wconf 89' lang='lat' dir='ltr'><strong>spe,</strong></span> <span class='ocrx_word' id='word_1_83' title='bbox 1112 1874 1185 1915; x_wconf 85' lang='lat' dir='ltr'><strong>ex</strong></span> <span class='ocrx_word' id='word_1_84' title='bbox 1236 1850 1418 1915; x_wconf 88' lang='lat' dir='ltr'><strong>Italia</strong></span> <span class='ocrx_word' id='word_1_85' title='bbox 1463 1850 1710 1914; x_wconf 84' lang='lat' dir='ltr'><strong>divertit</strong></span> <span class='ocrx_word' id='word_1_86' title='bbox 1753 1850 2076 1935; x_wconf 85' lang='lat' dir='ltr'><strong>Syracusas</strong></span> <span class='ocrx_word' id='word_1_87' title='bbox 2093 1901 2110 1928; x_wconf 91' lang='lat'>‚</span> <span class='ocrx_word' id='word_1_88' title='bbox 2173 1849 2306 1923; x_wconf 80' lang='grc' dir='ltr'><em>ἴσως</em></span> <span class='ocrx_word' id='word_1_89' title='bbox 2367 1851 2478 1927; x_wconf 79' lang='grc' dir='ltr'><em>μὲν</em></span> 
     </span>
     <span class='ocr_line' id='line_1_13' title="bbox 480 1968 2477 2054; baseline 0.001 -22"><span class='ocrx_word' id='word_1_90' title='bbox 480 1970 640 2033; x_wconf 68' lang='grc' dir='ltr'><em>κατὰ</em></span> <span class='ocrx_word' id='word_1_91' title='bbox 670 1970 895 2049; x_wconf 76' lang='grc' dir='ltr'><em>τύχην,</em></span> <span class='ocrx_word' id='word_1_92' title='bbox 944 1970 1084 2047; x_wconf 89' lang='lat' dir='ltr'><strong>sed,</strong></span> <span class='ocrx_word' id='word_1_93' title='bbox 1115 1977 1189 2033; x_wconf 92' lang='lat' dir='ltr'><strong>ut</strong></span> <span class='ocrx_word' id='word_1_94' title='bbox 1231 1976 1441 2054; x_wconf 87' lang='lat' dir='ltr'><strong>postea</strong></span> <span class='ocrx_word' id='word_1_95' title='bbox 1486 1969 1804 2053; x_wconf 82' lang='lat' dir='ltr'><strong>apparuit,</strong></span> <span class='ocrx_word' id='word_1_96' title='bbox 1833 1968 2024 2032; x_wconf 88' lang='lat' dir='ltr'><strong>divini</strong></span> <span class='ocrx_word' id='word_1_97' title='bbox 2045 1969 2313 2033; x_wconf 88' lang='lat' dir='ltr'><strong>numinis</strong></span> <span class='ocrx_word' id='word_1_98' title='bbox 2345 1972 2477 2053; x_wconf 82' lang='grc' dir='ltr'><em>(τῶν</em></span> 
     </span>
     <span class='ocr_line' id='line_1_14' title="bbox 472 2087 2476 2173; baseline -0.001 -20"><span class='ocrx_word' id='word_1_99' title='bbox 472 2088 794 2168; x_wconf 80' lang='grc' dir='ltr'><em>κρειττόνων</em></span> <span class='ocrx_word' id='word_1_100' title='bbox 822 2087 993 2173; x_wconf 80' lang='grc' dir='ltr'><em>τινὸς)</em></span> <span class='ocrx_word' id='word_1_101' title='bbox 1040 2087 1450 2173; x_wconf 86' lang='lat' dir='ltr'><strong>providentia,</strong></span> <span class='ocrx_word' id='word_1_102' title='bbox 1498 2096 1569 2151; x_wconf 89' lang='lat' dir='ltr'><strong>ut</strong></span> <span class='ocrx_word' id='word_1_103' title='bbox 1592 2088 1719 2173; x_wconf 89' lang='lat' dir='ltr'><strong>ipse</strong></span> <span class='ocrx_word' id='word_1_104' title='bbox 1749 2087 1900 2151; x_wconf 91' lang='lat' dir='ltr'><strong>dicit</strong></span> <span class='ocrx_word' id='word_1_105' title='bbox 1930 2089 2010 2173; x_wconf 89' lang='lat' dir='ltr'><strong>(p.</strong></span> <span class='ocrx_word' id='word_1_106' title='bbox 2048 2090 2174 2151; x_wconf 77' lang='lat'><strong>326</strong></span> <span class='ocrx_word' id='word_1_107' title='bbox 2208 2088 2318 2171; x_wconf 88' lang='lat' dir='ltr'><strong>D),</strong></span> <span class='ocrx_word' id='word_1_108' title='bbox 2353 2089 2476 2151; x_wconf 86' lang='lat' dir='ltr'><strong>sive</strong></span> 
     </span>
     <span class='ocr_line' id='line_1_15' title="bbox 476 2206 2472 2292; baseline 0 -21"><span class='ocrx_word' id='word_1_109' title='bbox 476 2216 549 2271; x_wconf 83' lang='lat' dir='ltr'><strong>ut</strong></span> <span class='ocrx_word' id='word_1_110' title='bbox 591 2206 959 2271; x_wconf 82' lang='lat' dir='ltr'><strong>Plutarchus</strong></span> <span class='ocrx_word' id='word_1_111' title='bbox 1004 2208 1189 2292; x_wconf 89' lang='lat' dir='ltr'><strong>(Dion</strong></span> <span class='ocrx_word' id='word_1_112' title='bbox 1238 2230 1287 2271; x_wconf 93' lang='lat' dir='ltr'><strong>c.</strong></span> <span class='ocrx_word' id='word_1_113' title='bbox 1336 2210 1400 2292; x_wconf 77' lang='lat'><strong>4«)</strong></span> <span class='ocrx_word' id='word_1_114' title='bbox 1446 2208 1912 2291; x_wconf 86' lang='lat' dir='ltr'><strong>interpretatur,</strong></span> <span class='ocrx_word' id='word_1_115' title='bbox 1970 2208 2090 2284; x_wconf 77' lang='grc' dir='ltr'><em>θείᾳ</em></span> <span class='ocrx_word' id='word_1_116' title='bbox 2141 2231 2245 2271; x_wconf 79' lang='grc' dir='ltr'><em>τινι</em></span> <span class='ocrx_word' id='word_1_117' title='bbox 2292 2208 2472 2289; x_wconf 72' lang='grc' dir='ltr'><em>τύχη.</em></span> 
     </span>
     <span class='ocr_line' id='line_1_16' title="bbox 475 2302 2477 2410; baseline 0 -21"><span class='ocrx_word' id='word_1_118' title='bbox 475 2326 637 2410; x_wconf 85' lang='lat' dir='ltr'><strong>Ergo</strong></span> <span class='ocrx_word' id='word_1_119' title='bbox 683 2333 757 2390; x_wconf 89' lang='lat' dir='ltr'><strong>ut</strong></span> <span class='ocrx_word' id='word_1_120' title='bbox 799 2325 1007 2390; x_wconf 90' lang='lat' dir='ltr'><strong>modo</strong></span> <span class='ocrx_word' id='word_1_121' title='bbox 1026 2327 1092 2390; x_wconf 92' lang='lat' dir='ltr'><strong>in</strong></span> <span class='ocrx_word' id='word_1_122' title='bbox 1135 2302 1415 2404; x_wconf 85' lang='lat' dir='ltr'><strong>Italiam,</strong></span> <span class='ocrx_word' id='word_1_123' title='bbox 1463 2327 1550 2389; x_wconf 86' lang='lat' dir='ltr'><strong>ita</strong></span> <span class='ocrx_word' id='word_1_124' title='bbox 1595 2348 1758 2389; x_wconf 91' lang='lat' dir='ltr'><strong>nunc</strong></span> <span class='ocrx_word' id='word_1_125' title='bbox 1802 2326 1866 2389; x_wconf 89' lang='lat' dir='ltr'><strong>in</strong></span> <span class='ocrx_word' id='word_1_126' title='bbox 1915 2324 2180 2389; x_wconf 87' lang='lat' dir='ltr'><strong>Siciliam</strong></span> <span class='ocrx_word' id='word_1_127' title='bbox 2213 2326 2364 2390; x_wconf 83' lang='lat' dir='ltr'><strong>abiit</strong></span> <span class='ocrx_word' id='word_1_128' title='bbox 2395 2337 2477 2389; x_wconf 92' lang='lat' dir='ltr'><strong>te-</strong></span> 
     </span>
     <span class='ocr_line' id='line_1_17' title="bbox 474 2444 2474 2524; baseline -0.001 -15"><span class='ocrx_word' id='word_1_129' title='bbox 474 2467 673 2524; x_wconf 86' lang='lat' dir='ltr'><strong>mere,</strong></span> <span class='ocrx_word' id='word_1_130' title='bbox 722 2445 893 2509; x_wconf 89' lang='lat' dir='ltr'><strong>nullo</strong></span> <span class='ocrx_word' id='word_1_131' title='bbox 940 2446 1221 2523; x_wconf 83' lang='lat' dir='ltr'><strong>consili03</strong></span> <span class='ocrx_word' id='word_1_132' title='bbox 1270 2445 1374 2509; x_wconf 91' lang='lat' dir='ltr'><strong>sed</strong></span> <span class='ocrx_word' id='word_1_133' title='bbox 1420 2446 1485 2511; x_wconf 91' lang='lat' dir='ltr'><strong>in</strong></span> <span class='ocrx_word' id='word_1_134' title='bbox 1530 2445 1746 2509; x_wconf 89' lang='lat' dir='ltr'><strong>melius</strong></span> <span class='ocrx_word' id='word_1_135' title='bbox 1793 2444 1973 2507; x_wconf 87' lang='lat' dir='ltr'><strong>vertit</strong></span> <span class='ocrx_word' id='word_1_136' title='bbox 2017 2444 2188 2509; x_wconf 81' lang='lat' dir='ltr'><strong>deuS.</strong></span> <span class='ocrx_word' id='word_1_137' title='bbox 2249 2444 2474 2508; x_wconf 88' lang='lat' dir='ltr'><strong>Parum</strong></span> 
     </span>
     <span class='ocr_line' id='line_1_18' title="bbox 474 2563 2474 2647; baseline 0 -20"><span class='ocrx_word' id='word_1_138' title='bbox 474 2564 591 2629; x_wconf 86' lang='lat' dir='ltr'><strong>hoc</strong></span> <span class='ocrx_word' id='word_1_139' title='bbox 636 2563 922 2629; x_wconf 84' lang='lat' dir='ltr'><strong>credibile</strong></span> <span class='ocrx_word' id='word_1_140' title='bbox 966 2565 1164 2629; x_wconf 90' lang='lat' dir='ltr'><strong>visum</strong></span> <span class='ocrx_word' id='word_1_141' title='bbox 1194 2573 1285 2629; x_wconf 88' lang='lat' dir='ltr'><strong>est</strong></span> <span class='ocrx_word' id='word_1_142' title='bbox 1316 2564 1457 2628; x_wconf 90' lang='lat' dir='ltr'><strong>viris</strong></span> <span class='ocrx_word' id='word_1_143' title='bbox 1487 2564 1686 2628; x_wconf 88' lang='lat' dir='ltr'><strong>doctis</strong></span> <span class='ocrx_word' id='word_1_144' title='bbox 1700 2613 1720 2642; x_wconf 89' lang='lat'>‚</span> <span class='ocrx_word' id='word_1_145' title='bbox 1755 2564 1860 2647; x_wconf 91' lang='lat' dir='ltr'><strong>qui</strong></span> <span class='ocrx_word' id='word_1_146' title='bbox 1891 2586 2100 2627; x_wconf 82' lang='lat' dir='ltr'><strong>causas</strong></span> <span class='ocrx_word' id='word_1_147' title='bbox 2133 2563 2474 2628; x_wconf 90' lang='lat' dir='ltr'><strong>attulerunt</strong></span> 
     </span>
     <span class='ocr_line' id='line_1_19' title="bbox 472 2682 2475 2767; baseline -0.001 -20"><span class='ocrx_word' id='word_1_148' title='bbox 472 2684 628 2748; x_wconf 88' lang='lat' dir='ltr'><strong>alius</strong></span> <span class='ocrx_word' id='word_1_149' title='bbox 673 2684 889 2762; x_wconf 84' lang='lat' dir='ltr'><strong>aliam,</strong></span> <span class='ocrx_word' id='word_1_150' title='bbox 960 2707 1069 2748; x_wconf 91' lang='lat' dir='ltr'><strong>cur</strong></span> <span class='ocrx_word' id='word_1_151' title='bbox 1112 2684 1289 2748; x_wconf 85' lang='lat' dir='ltr'><strong>Plato</strong></span> <span class='ocrx_word' id='word_1_152' title='bbox 1335 2684 1397 2748; x_wconf 92' lang='lat' dir='ltr'><strong>in</strong></span> <span class='ocrx_word' id='word_1_153' title='bbox 1443 2683 1711 2747; x_wconf 87' lang='lat' dir='ltr'><strong>Siciliam</strong></span> <span class='ocrx_word' id='word_1_154' title='bbox 1756 2682 2106 2767; x_wconf 84' lang='lat' dir='ltr'><strong>trajecisset.</strong></span> <span class='ocrx_word' id='word_1_155' title='bbox 2199 2682 2475 2746; x_wconf 83' lang='lat' dir='ltr'><strong>Fuerunt</strong></span> 
     </span>
     <span class='ocr_line' id='line_1_20' title="bbox 474 2800 2476 2886; baseline -0.001 -21"><span class='ocrx_word' id='word_1_156' title='bbox 474 2802 581 2886; x_wconf 90' lang='lat' dir='ltr'><strong>qui</strong></span> <span class='ocrx_word' id='word_1_157' title='bbox 628 2825 767 2865; x_wconf 90' lang='lat' dir='ltr'><strong>eum</strong></span> <span class='ocrx_word' id='word_1_158' title='bbox 812 2804 1043 2867; x_wconf 86' lang='lat' dir='ltr'><strong>Aetnae</strong></span> <span class='ocrx_word' id='word_1_159' title='bbox 1089 2802 1370 2865; x_wconf 88' lang='lat' dir='ltr'><strong>visendae</strong></span> <span class='ocrx_word' id='word_1_160' title='bbox 1416 2801 1612 2886; x_wconf 86' lang='lat' dir='ltr'><strong>gratia</strong></span> <span class='ocrx_word' id='word_1_161' title='bbox 1656 2800 1918 2864; x_wconf 89' lang='lat' dir='ltr'><strong>insulam</strong></span> <span class='ocrx_word' id='word_1_162' title='bbox 1959 2800 2176 2864; x_wconf 87' lang='lat' dir='ltr'><strong>adiisse</strong></span> <span class='ocrx_word' id='word_1_163' title='bbox 2207 2800 2476 2864; x_wconf 88' lang='lat' dir='ltr'><strong>dicerent</strong></span> 
     </span>
     <span class='ocr_line' id='line_1_21' title="bbox 470 2918 2471 3005; baseline 0 -22"><span class='ocrx_word' id='word_1_164' title='bbox 470 2920 794 3005; x_wconf 87' lang='lat' dir='ltr'><strong>(Apuleius</strong></span> <span class='ocrx_word' id='word_1_165' title='bbox 853 2920 918 2985; x_wconf 88' lang='grc'><strong>11.</strong></span> <span class='ocrx_word' id='word_1_166' title='bbox 981 2943 1031 2985; x_wconf 85' lang='grc'><strong>6.</strong></span> <span class='ocrx_word' id='word_1_167' title='bbox 1091 2924 1153 2985; x_wconf 79' lang='lat'><strong>4.</strong></span> <span class='ocrx_word' id='word_1_168' title='bbox 1210 2920 1490 2984; x_wconf 68' lang='lat' dir='ltr'><strong>Laertius</strong></span> <span class='ocrx_word' id='word_1_169' title='bbox 1558 2920 1592 3005; x_wconf 59' lang='grc' dir='ltr'>ᾧ</span> <span class='ocrx_word' id='word_1_170' title='bbox 1648 2922 1750 3003; x_wconf 87' lang='grc'><strong>18)</strong></span> <span class='ocrx_word' id='word_1_171' title='bbox 1768 2945 1786 2997; x_wconf 86' lang='lat'>;</span> <span class='ocrx_word' id='word_1_172' title='bbox 1837 2918 1974 2997; x_wconf 90' lang='lat' dir='ltr'><strong>alii,</strong></span> <span class='ocrx_word' id='word_1_173' title='bbox 2031 2926 2104 2982; x_wconf 92' lang='lat' dir='ltr'><strong>ut</strong></span> <span class='ocrx_word' id='word_1_174' title='bbox 2147 2940 2362 3005; x_wconf 88' lang='lat' dir='ltr'><strong>agrum</strong></span> <span class='ocrx_word' id='word_1_175' title='bbox 2410 2927 2471 2983; x_wconf 91' lang='lat' dir='ltr'><strong>et</strong></span> 
     </span>
     <span class='ocr_line' id='line_1_22' title="bbox 470 3036 2471 3123; baseline -0.002 -20"><span class='ocrx_word' id='word_1_176' title='bbox 470 3038 698 3103; x_wconf 86' lang='lat' dir='ltr'><strong>incolas</strong></span> <span class='ocrx_word' id='word_1_177' title='bbox 759 3060 795 3101; x_wconf 88' lang='lat' dir='ltr'><strong>a</strong></span> <span class='ocrx_word' id='word_1_178' title='bbox 854 3046 1110 3123; x_wconf 82' lang='lat' dir='ltr'><strong>tyranno</strong></span> <span class='ocrx_word' id='word_1_179' title='bbox 1169 3046 1475 3123; x_wconf 88' lang='lat' dir='ltr'><strong>posceret,</strong></span> <span class='ocrx_word' id='word_1_180' title='bbox 1532 3036 1880 3102; x_wconf 88' lang='lat' dir='ltr'><strong>condendae</strong></span> <span class='ocrx_word' id='word_1_181' title='bbox 1937 3036 2226 3101; x_wconf 88' lang='lat' dir='ltr'><strong>nimirum</strong></span> <span class='ocrx_word' id='word_1_182' title='bbox 2271 3036 2471 3100; x_wconf 91' lang='lat' dir='ltr'><strong>Plato·</strong></span> 
     </span>
     <span class='ocr_line' id='line_1_23' title="bbox 470 3154 2467 3242; baseline -0.001 -21"><span class='ocrx_word' id='word_1_183' title='bbox 470 3158 643 3221; x_wconf 88' lang='lat' dir='ltr'><strong>nicae</strong></span> <span class='ocrx_word' id='word_1_184' title='bbox 672 3156 902 3221; x_wconf 90' lang='lat' dir='ltr'><strong>civitati</strong></span> <span class='ocrx_word' id='word_1_185' title='bbox 932 3156 1120 3242; x_wconf 91' lang='lat' dir='ltr'><strong>(Plut.</strong></span> <span class='ocrx_word' id='word_1_186' title='bbox 1151 3157 1311 3221; x_wconf 90' lang='lat' dir='ltr'><strong>Phil.</strong></span> <span class='ocrx_word' id='word_1_187' title='bbox 1346 3181 1395 3221; x_wconf 89' lang='lat' dir='ltr'><strong>c.</strong></span> <span class='ocrx_word' id='word_1_188' title='bbox 1430 3158 1622 3242; x_wconf 87' lang='lat' dir='ltr'><strong>princ.</strong></span> <span class='ocrx_word' id='word_1_189' title='bbox 1647 3180 1698 3220; x_wconf 91' lang='lat' dir='ltr'><strong>c.</strong></span> <span class='ocrx_word' id='word_1_190' title='bbox 1726 3160 1796 3235; x_wconf 78' lang='lat'><strong>43</strong></span> <span class='ocrx_word' id='word_1_191' title='bbox 1821 3156 2261 3242; x_wconf 77' lang='lat' dir='ltr'><strong>2)Themistius</strong></span> <span class='ocrx_word' id='word_1_192' title='bbox 2295 3154 2467 3220; x_wconf 89' lang='lat' dir='ltr'><strong>Orat.</strong></span> 
     </span>
     <span class='ocr_line' id='line_1_24' title="bbox 473 3272 2470 3361; baseline -0.001 -23"><span class='ocrx_word' id='word_1_193' title='bbox 473 3274 691 3353; x_wconf 86' lang='lat' dir='ltr'>XVII,</span> <span class='ocrx_word' id='word_1_194' title='bbox 755 3298 815 3361; x_wconf 88' lang='lat' dir='ltr'><strong>p.</strong></span> <span class='ocrx_word' id='word_1_195' title='bbox 866 3278 990 3338; x_wconf 80' lang='lat'><strong>215</strong></span> <span class='ocrx_word' id='word_1_196' title='bbox 1039 3275 1148 3360; x_wconf 90' lang='grc' dir='ltr'><strong>Β),</strong></span> <span class='ocrx_word' id='word_1_197' title='bbox 1198 3274 1360 3359; x_wconf 92' lang='lat' dir='ltr'><strong>quod</strong></span> <span class='ocrx_word' id='word_1_198' title='bbox 1406 3274 1567 3339; x_wconf 89' lang='lat' dir='ltr'><strong>idem</strong></span> <span class='ocrx_word' id='word_1_199' title='bbox 1613 3273 1893 3337; x_wconf 80' lang='lat' dir='ltr'><strong>Laertius</strong></span> <span class='ocrx_word' id='word_1_200' title='bbox 1940 3273 2193 3337; x_wconf 87' lang='lat' dir='ltr'><strong>secundi</strong></span> <span class='ocrx_word' id='word_1_201' title='bbox 2237 3272 2470 3337; x_wconf 87' lang='lat' dir='ltr'><strong>itineris</strong></span> 
     </span>
     <span class='ocr_line' id='line_1_25' title="bbox 470 3390 2469 3478; baseline -0.001 -20"><span class='ocrx_word' id='word_1_202' title='bbox 470 3416 715 3459; x_wconf 86' lang='lat' dir='ltr'><strong>causam</strong></span> <span class='ocrx_word' id='word_1_203' title='bbox 760 3394 947 3458; x_wconf 85' lang='lat' dir='ltr'><strong>fuisse</strong></span> <span class='ocrx_word' id='word_1_204' title='bbox 992 3394 1143 3459; x_wconf 88' lang='lat' dir='ltr'><strong>dicit</strong></span> <span class='ocrx_word' id='word_1_205' title='bbox 1155 3421 1173 3473; x_wconf 83' lang='lat'>3</span> <span class='ocrx_word' id='word_1_206' title='bbox 1244 3394 1576 3478; x_wconf 88' lang='lat' dir='ltr'><strong>iniquiores</strong></span> <span class='ocrx_word' id='word_1_207' title='bbox 1635 3416 1776 3457; x_wconf 88' lang='lat' dir='ltr'><strong>eum</strong></span> <span class='ocrx_word' id='word_1_208' title='bbox 1841 3392 2016 3456; x_wconf 84' lang='lat' dir='ltr'><strong>aulae</strong></span> <span class='ocrx_word' id='word_1_209' title='bbox 2060 3390 2469 3476; x_wconf 86' lang='lat' dir='ltr'><strong>Syracusanae</strong></span> 
     </span>
     <span class='ocr_line' id='line_1_26' title="bbox 471 3508 2471 3595; baseline -0.001 -20"><span class='ocrx_word' id='word_1_210' title='bbox 471 3512 703 3576; x_wconf 90' lang='lat' dir='ltr'><strong>deliciis</strong></span> <span class='ocrx_word' id='word_1_211' title='bbox 756 3510 1042 3576; x_wconf 79' lang='lat' dir='ltr'><strong>allectum</strong></span> <span class='ocrx_word' id='word_1_212' title='bbox 1088 3512 1401 3590; x_wconf 85' lang='lat' dir='ltr'><strong>dixerunt,</strong></span> <span class='ocrx_word' id='word_1_213' title='bbox 1450 3518 1521 3575; x_wconf 93' lang='lat' dir='ltr'><strong>ut</strong></span> <span class='ocrx_word' id='word_1_214' title='bbox 1565 3517 1814 3575; x_wconf 89' lang='lat' dir='ltr'><strong>narrant</strong></span> <span class='ocrx_word' id='word_1_215' title='bbox 1861 3510 2160 3595; x_wconf 89' lang='lat' dir='ltr'><strong>Apuleius</strong></span> <span class='ocrx_word' id='word_1_216' title='bbox 2172 3558 2191 3587; x_wconf 86' lang='lat'><em>,</em></span> <span class='ocrx_word' id='word_1_217' title='bbox 2235 3508 2471 3574; x_wconf 81' lang='lat' dir='ltr'><strong>Themi-</strong></span> 
     </span>
     <span class='ocr_line' id='line_1_27' title="bbox 474 3628 2472 3716; baseline -0.001 -23"><span class='ocrx_word' id='word_1_218' title='bbox 474 3631 627 3695; x_wconf 90' lang='lat' dir='ltr'><strong>stius</strong></span> <span class='ocrx_word' id='word_1_219' title='bbox 668 3638 729 3693; x_wconf 88' lang='lat' dir='ltr'><strong>et</strong></span> <span class='ocrx_word' id='word_1_220' title='bbox 766 3628 1237 3716; x_wconf 89' lang='lat' dir='ltr'><strong>Olympiodorus</strong></span> <span class='ocrx_word' id='word_1_221' title='bbox 1278 3630 1406 3715; x_wconf 90' lang='lat' dir='ltr'><strong>(vit.</strong></span> <span class='ocrx_word' id='word_1_222' title='bbox 1444 3630 1708 3713; x_wconf 86' lang='lat' dir='ltr'><strong>Platon.)</strong></span> <span class='ocrx_word' id='word_1_223' title='bbox 1719 3678 1736 3707; x_wconf 94' lang='lat'>‚</span> <span class='ocrx_word' id='word_1_224' title='bbox 1765 3651 1947 3713; x_wconf 91' lang='lat' dir='ltr'><strong>quam</strong></span> <span class='ocrx_word' id='word_1_225' title='bbox 1971 3628 2216 3711; x_wconf 92' lang='lat' dir='ltr'><strong>quidem</strong></span> <span class='ocrx_word' id='word_1_226' title='bbox 2241 3628 2472 3713; x_wconf 88' lang='lat' dir='ltr'><strong>opinio-</strong></span> 
     </span>
     <span class='ocr_line' id='line_1_28' title="bbox 468 3747 2470 3835; baseline -0.001 -22"><span class='ocrx_word' id='word_1_227' title='bbox 468 3772 607 3815; x_wconf 89' lang='lat' dir='ltr'><strong>nem</strong></span> <span class='ocrx_word' id='word_1_228' title='bbox 632 3772 668 3813; x_wconf 88' lang='lat' dir='ltr'><strong>a</strong></span> <span class='ocrx_word' id='word_1_229' title='bbox 690 3750 933 3813; x_wconf 89' lang='lat' dir='ltr'><strong>comicis</strong></span> <span class='ocrx_word' id='word_1_230' title='bbox 965 3750 1160 3835; x_wconf 68' lang='lat' dir='ltr'><strong>poetis</strong></span> <span class='ocrx_word' id='word_1_231' title='bbox 1192 3756 1253 3814; x_wconf 91' lang='lat' dir='ltr'><strong>et</strong></span> <span class='ocrx_word' id='word_1_232' title='bbox 1284 3748 1633 3835; x_wconf 85' lang='lat' dir='ltr'><strong>philosophi</strong></span> <span class='ocrx_word' id='word_1_233' title='bbox 1663 3747 2170 3812; x_wconf 88' lang='lat' dir='ltr'><strong>obtrectatoribus</strong></span> <span class='ocrx_word' id='word_1_234' title='bbox 2203 3769 2470 3832; x_wconf 83' lang='lat' dir='ltr'><strong>sparsam</strong></span> 
     </span>
    </p>
   </div>
   <div class='ocr_carea' id='block_1_3' title="bbox 504 3874 886 3886">
    <p class='ocr_par' dir='ltr' id='par_1_4' title="bbox 504 3874 886 3886">
     <span class='ocr_line' id='line_1_29' title="bbox 504 3874 886 3886; baseline 0 0"><span class='ocrx_word' id='word_1_235' title='bbox 504 3874 886 3886; x_wconf 95' lang='lat' dir='ltr'><strong> </strong></span> 
     </span>
    </p>
   </div>
   <div class='ocr_carea' id='block_1_4' title="bbox 538 3936 2471 4007">
    <p class='ocr_par' dir='ltr' id='par_1_5' title="bbox 538 3936 2471 4007">
     <span class='ocr_line' id='line_1_30' title="bbox 538 3936 2471 4007; baseline -0.004 -16"><span class='ocrx_word' id='word_1_236' title='bbox 538 3942 587 4003; x_wconf 92' lang='grc'><strong>1)</strong></span> <span class='ocrx_word' id='word_1_237' title='bbox 622 3942 871 4007; x_wconf 82' lang='lat' dir='ltr'><strong>Menagius</strong></span> <span class='ocrx_word' id='word_1_238' title='bbox 914 3942 973 3992; x_wconf 76' lang='lat' dir='ltr'><strong>ad</strong></span> <span class='ocrx_word' id='word_1_239' title='bbox 1026 3942 1167 4006; x_wconf 80' lang='lat' dir='ltr'><strong>Diog.</strong></span> <span class='ocrx_word' id='word_1_240' title='bbox 1220 3942 1386 3999; x_wconf 58' lang='lat' dir='ltr'><strong>Laert,</strong></span> <span class='ocrx_word' id='word_1_241' title='bbox 1439 3940 1540 3991; x_wconf 92' lang='grc' dir='ltr'><strong>ΙΙΙ.</strong></span> <span class='ocrx_word' id='word_1_242' title='bbox 1593 3940 1638 3990; x_wconf 95' lang='grc'><strong>6.</strong></span> <span class='ocrx_word' id='word_1_243' title='bbox 1707 3940 1977 3997; x_wconf 75' lang='lat' dir='ltr'><strong>Hermann,</strong></span> <span class='ocrx_word' id='word_1_244' title='bbox 2026 3938 2228 4002; x_wconf 77' lang='lat' dir='ltr'><strong>System.</strong></span> <span class='ocrx_word' id='word_1_245' title='bbox 2263 3936 2310 3985; x_wconf 84' lang='lat' dir='ltr'><strong>d.</strong></span> <span class='ocrx_word' id='word_1_246' title='bbox 2345 3936 2471 3985; x_wconf 85' lang='lat' dir='ltr'><strong>Plat.</strong></span> 
     </span>
    </p>
   </div>
   <div class='ocr_carea' id='block_1_5' title="bbox 473 4036 2470 4202">
    <p class='ocr_par' dir='ltr' id='par_1_6' title="bbox 473 4036 2438 4194">
     <span class='ocr_line' id='line_1_31' title="bbox 505 4036 1026 4096; baseline 0.004 -11"><span class='ocrx_word' id='word_1_247' title='bbox 505 4036 589 4086; x_wconf 84' lang='lat' dir='ltr'><strong>hil.</strong></span> <span class='ocrx_word' id='word_1_248' title='bbox 706 4037 794 4096; x_wconf 83' lang='grc'><strong>60,</strong></span> <span class='ocrx_word' id='word_1_249' title='bbox 829 4054 874 4087; x_wconf 87' lang='lat' dir='ltr'><strong>n.</strong></span> <span class='ocrx_word' id='word_1_250' title='bbox 917 4038 1026 4087; x_wconf 89' lang='grc'><strong>131.</strong></span> 
     </span>
     <span class='ocr_line' id='line_1_32' title="bbox 473 4054 2470 4202; baseline -0.001 -21"><span class='ocrx_word' id='word_1_251' title='bbox 473 4055 503 4103; x_wconf 70' lang='lat' dir='ltr'><strong>p</strong></span> <span class='ocrx_word' id='word_1_252' title='bbox 538 4132 587 4194; x_wconf 80' lang='lat'><strong>2)</strong></span> <span class='ocrx_word' id='word_1_253' title='bbox 623 4054 874 4181; x_wconf 74' lang='lat' dir='ltr'><strong>Plutarchi</strong></span> <span class='ocrx_word' id='word_1_254' title='bbox 902 4132 1041 4181; x_wconf 77' lang='lat' dir='ltr'><strong>verba</strong></span> <span class='ocrx_word' id='word_1_255' title='bbox 1076 4136 1188 4181; x_wconf 79' lang='lat' dir='ltr'><strong>sunt</strong></span> <span class='ocrx_word' id='word_1_256' title='bbox 1221 4131 1365 4181; x_wconf 85' lang='lat' dir='ltr'><strong>haec.</strong></span> <span class='ocrx_word' id='word_1_257' title='bbox 1404 4132 1441 4202; x_wconf 73' lang='grc' dir='ltr'><strong><em>ᾖ</em></strong></span> <span class='ocrx_word' id='word_1_258' title='bbox 1468 4150 1525 4181; x_wconf 80' lang='grc' dir='ltr'><strong>κα</strong></span> <span class='ocrx_word' id='word_1_259' title='bbox 1526 4132 1765 4181; x_wconf 77' lang='grc' dir='ltr'><em>ἰ’Πλάτων</em></span> <span class='ocrx_word' id='word_1_260' title='bbox 1796 4132 1859 4187; x_wconf 70' lang='grc' dir='ltr'><strong>εἰς</strong></span> <span class='ocrx_word' id='word_1_261' title='bbox 1893 4131 2088 4181; x_wconf 74' lang='grc' dir='ltr'><strong>Σικελίαν</strong></span> <span class='ocrx_word' id='word_1_262' title='bbox 2117 4131 2354 4191; x_wconf 72' lang='grc' dir='ltr'><em>ἔπλευσεν,</em></span> <span class='ocrx_word' id='word_1_263' title='bbox 2390 4130 2470 4180; x_wconf 80' lang='grc' dir='ltr'><strong>ἐλ-</strong></span> 
     </span>
    </p>
   </div>
   <div class='ocr_carea' id='block_1_6' title="bbox 474 4227 2364 4296">
    <p class='ocr_par' dir='ltr' id='par_1_7' title="bbox 474 4227 2364 4296">
     <span class='ocr_line' id='line_1_33' title="bbox 474 4227 2364 4296; baseline -0.003 -15"><span class='ocrx_word' id='word_1_264' title='bbox 474 4232 617 4293; x_wconf 81' lang='grc' dir='ltr'><em>πίζων</em></span> <span class='ocrx_word' id='word_1_265' title='bbox 645 4234 709 4281; x_wconf 78' lang='grc' dir='ltr'><strong>τὰ</strong></span> <span class='ocrx_word' id='word_1_266' title='bbox 740 4231 952 4295; x_wconf 76' lang='grc' dir='ltr'><em>δόγματα</em></span> <span class='ocrx_word' id='word_1_267' title='bbox 982 4236 1137 4295; x_wconf 74' lang='grc' dir='ltr'><em>νόμους</em></span> <span class='ocrx_word' id='word_1_268' title='bbox 1168 4232 1244 4280; x_wconf 77' lang='grc' dir='ltr'><strong>καὶ</strong></span> <span class='ocrx_word' id='word_1_269' title='bbox 1276 4234 1389 4296; x_wconf 68' lang='grc' dir='ltr'><strong>ἔργα</strong></span> <span class='ocrx_word' id='word_1_270' title='bbox 1414 4235 1550 4285; x_wconf 80' lang='grc' dir='ltr'><em>ποιήσ</em></span> <span class='ocrx_word' id='word_1_271' title='bbox 1522 4248 1612 4279; x_wconf 79' lang='grc' dir='ltr'><em>σνει</em></span> <span class='ocrx_word' id='word_1_272' title='bbox 1641 4230 1686 4277; x_wconf 68' lang='grc' dir='ltr'><em>ἐν</em></span> <span class='ocrx_word' id='word_1_273' title='bbox 1715 4232 1811 4283; x_wconf 78' lang='grc' dir='ltr'><strong>τοῖς</strong></span> <span class='ocrx_word' id='word_1_274' title='bbox 1840 4227 2058 4278; x_wconf 70' lang='grc' dir='ltr'><em>Διονυσίου</em></span> <span class='ocrx_word' id='word_1_275' title='bbox 2085 4230 2364 4293; x_wconf 75' lang='grc' dir='ltr'><em>πράγμασιν</em></span> 
     </span>
    </p>
   </div>
  </div>
 </body>
</html>
