3092 5084
1326 515 1470 581 51·

363 725 542 788 habet
557 774 575 803 ‚
614 709 695 788 ‘ut
739 725 1059 804 ἐπανάγειν
1089 725 1241 806 ’πρὸς
1279 725 1345 790 τὸ
1382 731 1509 806 φῶς
1540 725 1751 810 (Legg.
1786 726 1896 790 IV.
1936 729 2062 792 724
2095 728 2207 811 A),
2229 752 2373 811 pro-

342 845 518 932 ferre
561 843 626 907 in
663 845 842 908 lucem
850 870 879 921 ,·
922 843 1241 921 ἐπανάγειν
1285 846 1366 917 εἷς
1399 845 1501 919 τὴν
1532 846 1710 910 οἰκίαν
1725 895 1743 924 ,
1776 849 2043 911 reducere
2072 849 2137 910 in
2167 850 2336 912 aedes
2345 875 2373 923 ;

358 961 517 1026 idem
563 962 724 1026 valet
769 962 844 1027 de
890 963 1186 1027 similibus
1233 963 1645 1049 dicompositis
1661 1014 1680 1042 ,
1727 965 2075 1047 ἐπαναφέρω
2092 1019 2109 1041 ,
2143 968 2364 1030 ἐπανα-

356 1082 572 1160 βαίνω,
640 1084 1074 1163 ἐπανέρχομαι,
1123 1083 1410 1162 ἐπάνειμι.
1497 1082 1575 1146 In
1620 1083 1819 1148 Aleib.
1867 1083 1969 1162 ΙΙ,
2020 1107 2081 1170 p.
2136 1087 2257 1148 140
2309 1083 2368 1148 D

358 1199 714 1285 adjunctum
776 1200 1021 1284 quidem
1081 1200 1266 1265 habet
1323 1201 1478 1266 άπόι
1541 1203 1737 1266 οὐκοῦν
1782 1203 1889 1264 άπ’
1934 1202 2141 1268 ἐκείνου
2185 1203 2366 1268 πάλιν

275 1397 281 1404 .
355 1318 786 1396 ἐπανέλθωμεν,
845 1327 908 1382 at
959 1319 1045 1382 ibi
1099 1318 1462 1384 subauditur
1524 1320 1621 1383 ἐπὶ
1682 1322 1788 1394 τὴν
1844 1321 2067 1401 άρχήν,
2132 1322 2203 1384 ab
2262 1323 2367 1386 hoc

352 1459 559 1500 rur-ms
595 1441 678 1502 ad
705 1437 1064 1520 principium
1109 1445 1478 1520 revertamur,
1529 1438 1628 1502 hic
1658 1460 1799 1501 vero
1832 1439 2099 1523 positum
2132 1448 2223 1503 est
2253 1462 2364 1524 pro

353 1557 593 1619 avocanti
635 1554 760 1619 sive
781 1555 1006 1622 retraxi
1029 1579 1116 1620 me
1145 1557 1217 1619 ab
1247 1557 1378 1619 istis
1407 1556 1668 1638 neqotiis.
1721 1531 2017 1620 Crederet·
2032 1558 2165 1640 quis
2198 1557 2367 1621 forsi-

352 1681 459 1737 tan
509 1697 635 1738 esse
683 1696 944 1738 errorem
988 1673 1218 1738 librarii
1259 1696 1368 1759 pro
1389 1677 1819 1753 (ἐπανήγαγον,
1843 1699 2053 1740 verum
2079 1677 2371 1761 composi-

351 1793 430 1856 tis
489 1815 624 1857 cum
672 1793 788 1858 άνοὶ
833 1816 967 1857 raro
1014 1794 1368 1878 praefigitur
1412 1795 1551 1858 άπό.

441 1911 640 1977 Venio
687 1913 764 1976 ad
806 1913 1231 1978 anacoluthon.
1281 1913 1574 1997 Quisquis
1616 1913 1825 1978 locum
1856 1920 2087 1978 attente
2118 1914 2365 1998 legerit,

351 2031 790 2096 animadvertet
832 2032 988 2095 male
1033 2031 1311 2117 copulata
1356 2053 1483 2095 esse
1531 2032 1679 2096 haec
1725 2031 1847 2095 duo
1892 2031 2201 2096 membra:
2236 2032 2365 2111 ὁρῶν

350 2150 532 2224 δήπου
591 2151 723 2221 τοὺς
776 2148 983 2229 ἄνδρας
1011 2198 1026 2214 .
1055 2198 1070 2214 .
1103 2201 1116 2216 .
1172 2150 1386 2231 χρυσὸν
1446 2149 1982 2226 ἀποδείξαντας
2028 2158 2088 2214 et
2134 2150 2364 2231 Σωκρά-

349 2293 421 2342 τη
465 2319 480 2333 .
513 2317 526 2332 .
557 2320 571 2334 .
618 2267 977 2348 ἔπεμπον,
1026 2292 1135 2355 pro
1183 2292 1305 2354 quo
1338 2269 1571 2333 dictum
1602 2276 1993 2354 oportuerat:
2028 2269 2364 2346 άποδείξαν-
2444 2358 2447 2361 Ι

348 2409 462 2457 τας
490 2433 506 2449 .
535 2434 549 2449 .
579 2433 594 2448 .
636 2387 740 2452 καί
785 2409 928 2451 ποτε
972 2389 1251 2465 Σωκράτη
1279 2435 1292 2450 .
1321 2436 1336 2450 .
1366 2435 1381 2450 .
1434 2389 1889 2467 πέμψαντας.
1936 2386 2174 2471 Cor-rigi
2219 2410 2366 2471 quo-

351 2500 680 2567 dammodo
724 2504 1022 2568 sententia
1066 2512 1267 2590 posset
1311 2503 1630 2568 inserendo
1677 2501 1802 2582 ὅτε,
1852 2504 1967 2567 hoc
2012 2505 2234 2569 modo:
2284 2507 2365 2570 τά

349 2620 579 2687 τ’άλλα
622 2623 721 2687 καὶ
768 2623 864 2688 ὅτε
910 2635 982 2690 Σ.
1030 2625 1309 2701 ἔπεμπον.
1402 2623 1520 2688 Sed
1568 2647 1605 2688 a
1647 2624 1757 2688 tah·
1802 2623 2238 2688 emendationis
2270 2646 2365 2688 co-

349 2748 504 2804 natu
547 2742 769 2806 retinet
803 2763 900 2806 me
932 2742 1096 2826 quod
1125 2742 1302 2806 toties
1334 2742 1587 2829 scriptor
1616 2742 1683 2805 in
1712 2741 2033 2806 verborum
2059 2748 2365 2806 construc-

347 2859 518 2922 tione
533 2909 552 2936 ,
595 2859 833 2924 inscitia
862 2858 1058 2924 dicam
1089 2882 1167 2924 an
1197 2859 1273 2923 de
1301 2859 1601 2924 industria
1615 2909 1634 2937 ,
1667 2867 1877 2944 peccat
1888 2885 1909 2938 3
1943 2859 2090 2923 dum
2131 2866 2362 2944 gratam

349 2977 592 3042 affectat
645 2977 1105 3062 negligentiam,
1164 2976 1406 3042 mutilat
1449 2977 1745 3065 periodos·
1792 2977 2088 3063 Exemplo
2134 2978 2255 3043 sint
2299 3001 2359 3062 p.

351 3100 484 3161 3424
530 3096 617 3161 E:
664 3099 1008 3179 Φιλοτιμίας
1071 3099 1326 3178 αἰσχράς
1379 3096 1534 3178 εἴπερ
1581 3095 1749 3162 ἕνεκα
1796 3146 1813 3161 .
1843 3145 1857 3160 .
1888 3145 1903 3161 .
1952 3094 2016 3171 ἧς
2060 3101 2161 3163 οὐκ
2203 3096 2361 3174 ἄξιος

349 3211 416 3289 ήν
455 3218 709 3293 άγαπῶν
745 3213 914 3292 δόξαν
945 3217 1048 3290 τὴν
1071 3223 1174 3291 τῆς
1199 3225 1462 3296 μετοχῆς
1485 3216 1791 3292 γενομένην
1806 3263 1825 3292 ,
1851 3214 1960 3279 ubi
1984 3215 2362 3279 desideratur

351 3331 653 3417 apodosiS.
713 3355 772 3417 p.
821 3335 949 3396 348
996 3331 1083 3396 B:
1131 3335 1352 3414 άπορῶν
1396 3334 1455 3396 δὲ
1493 3332 1771 3408 Θεοδότην
1804 3333 2359 3413 μεταπεμψάμενος

349 3453 429 3522 εἷς
474 3451 570 3516 τὸν
623 3459 801 3527 κῆπον
820 3473 835 3489 ·
899 3451 1107 3532 ἔτυχον
1165 3452 1224 3516 δὲ
1289 3453 1345 3515 ἐν
1389 3455 1468 3532 τῷ
1513 3452 1678 3546 κήπῳ
1724 3451 1821 3516 καὶ
1868 3452 1983 3528 ἐγὼ
2026 3451 2162 3516 τότε
2207 3475 2360 3533 περι·-

350 3575 556 3634 πάι-ὦν
572 3593 588 3608 ·
636 3570 718 3634 τά
760 3571 867 3648 μὲν
910 3565 1001 3636 οὖν
1046 3568 1214 3636 ἄλλα
1259 3570 1376 3636 οὔτ’
1414 3567 1542 3634 οἶδα
1588 3571 1710 3636 κτέ.
1744 3570 1854 3634 ubi
1899 3591 2009 3654 pro
2040 3569 2361 3655 participio

349 3688 899 3768 μεταπεμψάμενος
976 3688 1396 3772 requirebatur
1461 3688 1714 3754 verbum
1780 3687 2041 3752 finitum.
2135 3687 2362 3752 Huius-

351 3805 518 3870 modi
562 3806 940 3870 anacoluthis
988 3813 1178 3871 scatet
1222 3805 1496 3890 epistola.

347 3937 358 3950 '
439 3924 631 3989 Paulo
677 3933 814 4010 post
858 3925 1173 4010 indignam
1219 3925 1483 3989 Socratis
1527 3947 1738 3990 necem
1784 3932 1958 3989 notat
1998 3925 2093 3990 his
2124 3924 2357 3988 verbis:

354 4045 699 4110 άπέκτειναν
741 4045 838 4110 τὸν
895 4044 1029 4109 τότε
1087 4053 1193 4118 τῆς
1252 4045 1472 4109 άνοσίου
1532 4043 1782 4142 άγωγῆς
1841 4045 1940 4108 οὐκ
2000 4043 2359 4118 ἐθελήσαντα

355 4172 683 4242 μετασχεῖν
720 4163 844 4245 περὶ
882 4160 984 4227 ἕνα
1020 4169 1130 4227 τῶν
1169 4161 1302 4227 τότε
1337 4162 1675 4244 φευγόντων
1712 4162 1933 4244 Φίλων,
1982 4159 2077 4225 ὅτε
2112 4160 2360 4240 Φεύγον-

355 4305 449 4351 τες
493 4281 842 4363 ἐδυστύχουν
892 4284 1075 4348 αὐτοί.
1139 4279 1368 4361 Quales
1413 4281 1736 4346 verborum
1784 4279 2089 4366 argutiae!
2156 4277 2358 4358 Quam

2035 4398 2076 4454 4
2089 4395 2124 4432 ἢ
