3092 5084
1598 498 1718 559 106

642 697 929 767 nicarum
960 704 1325 787 aucupium,
1376 704 1603 772 similes
1651 705 1942 767 orationis
1989 704 2270 789 ambages
2304 714 2363 767 et
2393 727 2652 789 pompa,

644 820 947 885 antitheta
962 871 979 898 ,
1028 844 1363 906 synonyma
1378 872 1396 899 ,
1432 830 1631 887 cetera
1661 822 1726 887 id
1757 846 1984 906 genus;
2021 823 2127 887 sed
2159 824 2342 887 etiam
2373 824 2658 906 frequens

638 939 968 1004 eorundem
1030 940 1464 1005 vocabulorum
1520 950 1583 1005 et
1628 942 2155 1005 constructionum
2220 964 2385 1007 usus,
2482 940 2654 1005 Idem

636 1067 727 1123 est
769 1060 832 1122 in
881 1067 1141 1142 utraque
1174 1060 1430 1144 epistola
1453 1060 1681 1125 abusus
1709 1060 1987 1125 vocabuli
2009 1060 2241 1140 σχεδόν.
2271 1060 2412 1124 Vid.
2437 1084 2496 1145 p.
2525 1064 2652 1123 352

516 1251 526 1261 ·
636 1176 720 1255 Eg,
770 1179 897 1241 353
949 1180 1039 1255 A,
1088 1178 1181 1255 D,
1232 1178 1493 1256 E30357
1546 1179 1620 1242 Β.
1677 1178 2154 1266 circumlocutio
2204 1178 2372 1241 verbi
2417 1178 2654 1257 γίγνεσ-

635 1298 754 1373 θαι,
811 1297 1094 1393 frequen&
1140 1297 1205 1361 in
1252 1297 1452 1381 priore
1501 1296 1760 1381 epistola
1805 1297 1901 1381 (of.
1951 1320 2012 1381 p.
2049 1300 2178 1380 43),
2232 1297 2416 1361 etiam
2454 1297 2521 1359 in
2543 1296 2656 1360 hac

645 1438 769 1478 non
830 1408 1015 1483 semel
1070 1416 1333 1480 ooourrit
1356 1465 1374 1494 ,
1425 1424 1496 1480 ut
1542 1439 1600 1501 p.
1651 1419 1776 1480 353
1832 1416 1920 1479 B:
1970 1414 2265 1493 ξυμβῆναι
2311 1415 2656 1493 γενομένην,

644 1534 772 1598 ibid
820 1534 910 1597 D:
960 1533 1273 1612 ξυμβαίνει
1318 1536 1679 1612 γιγνόμενον,
1729 1543 1790 1599 et
1820 1533 2028 1599 eadem
2062 1534 2285 1619 pagina
2315 1536 2408 1597 A:
2444 1532 2657 1612 ἐκβαρ-

565 1712 569 1718 .
644 1653 1003 1733 βαρωθεῖσαν
1070 1652 1333 1729 γενέσθαι
1398 1674 1506 1737 pro
1554 1653 2086 1733 ἐκβαρβαρωθῆναι.
2197 1652 2466 1715 Verbum
2513 1651 2656 1728 δεῖν,

644 1770 812 1855 quod
844 1771 909 1835 in
941 1770 1250 1855 superiore
1280 1772 1660 1849 notavimuS‚
1691 1795 1750 1856 p.
1778 1773 1883 1850 45,
1912 1794 2018 1855 per
2043 1770 2480 1845 abundantiam
2504 1770 2663 1855 posi-

643 1898 778 1954 tum
856 1912 913 1974 p.
994 1891 1141 1953 352·
1202 1888 1295 1953 D:
1358 1888 1670 1968 ξυμβουλὴ
1730 1891 1796 1965 δη
1855 1891 1981 1970 περὶ
2043 1896 2154 1955 τῶν
2220 1890 2480 1955 τοιούτων
2540 1890 2661 1968 ὂρθη

642 2008 787 2075 δόκει
844 2008 1125 2073 ἑκάστοτε
1185 2016 1303 2081 τοῖς
1358 2016 1594 2081 πολλοῖς
1639 2006 1782 2073 εἶναι
1829 1987 2030 2075 ταῦτα
2075 2007 2494 2085 ξυμβουλεύειν
2525 2007 2656 2089 δεῖν,

641 2128 761 2215 κτέ.
854 2125 1137 2210 Denique
1191 2127 1399 2193 eadem
1472 2135 1566 2191 est
1613 2127 1912 2201 affectatio
1960 2126 2274 2213 gravitatis
2289 2176 2308 2203 ,
2355 2125 2518 2191 idem
2563 2133 2660 2203 tu—

641 2266 773 2309 mor
786 2293 805 2321 ‚
869 2243 1114 2313 eaedem
1159 2245 1434 2329 argutiae
1451 2295 1467 2320 ,
1518 2244 1686 2329 quod
1734 2251 1805 2310 ut
1851 2252 2169 2330 appareat,
2216 2244 2397 2318 lioeat
2437 2243 2658 2329 episto-

642 2364 761 2429 lam
808 2364 1064 2449 carptim
1108 2386 1475 2448 percurrere.

726 2601 875 2665 Post
922 2602 1350 2667 salutationem
1396 2602 1548 2667 dicit
1591 2603 1773 2668 haeo:
1821 2601 2037 2682 ἐλπίζω
2084 2602 2132 2665 δ’
2153 2603 2270 2681 οὐχ
2303 2602 2438 2679 ὑμῖν
2467 2600 2653 2677 μόνοις

634 2719 1091 2799 ξυμβουλεύσειν
1149 2721 1233 2785 τοὶ
1284 2720 1687 2800 ξυμφέρονται,
1736 2720 2010 2799 μάλιστα
2054 2743 2129 2797 γε
2174 2721 2290 2797 μην
2336 2721 2470 2795 ὑμῖν
2487 2769 2505 2794 ,
2553 2718 2653 2783 καὶ

636 2839 908 2921 δευτέροις
948 2844 1117 2905 ,πᾶσι
1187 2848 1305 2912 τοῖς
1382 2842 1439 2905 ἐν
1506 2839 1896 2921 Συρακούσαις
1911 2891 1930 2915 ,
1992 2839 2197 2918 τρίτοις
2265 2838 2314 2902 δ’
2339 2839 2494 2917 ὑμῶν
2555 2839 2653 2903 καὶ

634 2965 753 3030 τοῖς
790 2959 1007 3039 ἐχθροῖς
1045 2958 1143 3023 καὶ
1182 2959 1474 3035 πολεμίοις
1490 3008 1510 3037 ,
1565 2959 1718 3033 πλὴν
1761 2956 1816 3023 εἴ
1854 2982 1942 3029 τις
1989 2957 2347 3055 ἀνοσιουργὸς
2393 2958 2651 3033 γέγονεν.

636 3077 713 3143 In
750 3077 878 3144 his:
918 3077 1193 3155 μάλιστα
1231 3079 1365 3155 ὑμῖν
1408 3116 1501 3127 —-
1535 3076 1804 3156 δευτέροις
1849 3114 1940 3126 -
1983 3077 2189 3155 τρίτοις
2202 3126 2221 3154 ,
2272 3076 2653 3160 agnoscimus

636 3196 900 3261 oolorem
960 3196 1289 3281 superioris
1350 3196 1644 3281 epistolae
1703 3196 1801 3280 (cf.
1866 3219 1923 3281 p.
1974 3198 2103 3279 35).
2190 3194 2361 3265 Illud.
2404 3194 2654 3269 ternarii

635 3314 871 3379 numeri
930 3313 1262 3397 aucupium
1310 3313 1580 3377 cernitur
1625 3313 1808 3377 etiam
1852 3336 1916 3398 p.
1967 3314 2092 3376 355
2142 3311 2232 3375 B:
2283 3310 2520 3388 δέξασθε
2566 3311 2652 3377 νό-

635 3455 777 3507 μους
793 3482 813 3513 ,
860 3428 1053 3503 οἵτινες
1100 3430 1174 3495 ἂν
1220 3433 1356 3509 ὑμῖν
1401 3431 1728 3513 φαίνωνται
1777 3433 1862 3508 μη
1907 3431 2043 3511 πρὸς
2088 3429 2504 3511 χρηματισμὸν
2549 3428 2649 3501 καὶ

636 3554 883 3615 πλοῦτον
926 3548 1232 3630 τρέψοντες
1276 3550 1389 3615 τοὶς
1435 3550 1679 3627 γνώμας
1728 3550 1882 3626 ὑμῶν
1928 3550 2072 3625 μήτ’
2121 3549 2426 3625 ἐπιθυμίας
2442 3597 2461 3626 ,
2507 3551 2649 3616 ἀλλ’

632 3668 803 3735 ὄντων
846 3667 1009 3748 τρίων
1028 3718 1046 3751 ,
1093 3674 1299 3749 ψυχῆς
1347 3667 1445 3732 καὶ
1495 3669 1768 3745 σώματος
1785 3667 1993 3746 ,ἔτιδὲ
2025 3666 2345 3747 χρημάτων
2359 3714 2378 3748 ,
2412 3667 2516 3740 τὴν
2545 3674 2650 3741 τῆς

634 3792 841 3866 ψυχῆς
877 3787 1082 3865 ἀρετὴν
1120 3784 1601 3864 ἐντιμοτάτην
1640 3791 1956 3863 ποιοῦντες,
1993 3785 2320 3866 δευτέραν
2344 3784 2526 3860 δὲτὴν
2547 3790 2649 3850 τοῦ

633 3907 904 3980 σώματος
950 3903 1060 3967 ὑπὸ
1104 3913 1178 3985 τῇ
1224 3912 1330 3979 τῆς
1376 3910 1584 3985 ψυχῆς
1628 3903 1918 3985 κειμένην,
1967 3904 2205 3982 τρίτην
2243 3902 2432 3967 δὲκαὶ
2466 3900 2647 3967 ὑστα-

633 4046 739 4096 την
780 4024 885 4096 τὴν
929 4028 1040 4085 τῶν
1088 4020 1410 4101 χρημάτων
1459 4024 1633 4101 τιμὴν
1679 4023 1800 4087 κτὲ.
1875 4021 2112 4086 Omitto
2158 4020 2438 4087 vitiosam
2475 4021 2650 4105 juno-

634 4146 867 4203 turam:
916 4141 1000 4217 μὴ
1031 4190 1045 4206 .
1077 4190 1091 4207 .
1121 4190 1136 4204 .
1184 4140 1488 4222 τρέψοντες
1533 4140 1646 4215 τὰς
1686 4142 1928 4218 γνώμας
1957 4142 2113 4218 ὑμῶν
2133 4141 2295 4219 μήτ’
2318 4140 2644 4231 ἐπιθυμίας.

636 4256 950 4325 Sententia
996 4266 1199 4327 autem
1248 4258 1325 4323 de
1372 4258 1600 4344 triplici
1645 4258 1944 4325 bonorum
1991 4280 2210 4343 genere
2238 4258 2354 4324 hoo
2385 4258 2520 4323 loco
2553 4264 2644 4323 est
