3092 5084
1580 508 1702 569 116

621 719 895 783 Platonis
943 715 1380 792 adversarium,
1431 736 1649 798 parum
1689 714 2020 779 honorifice
2066 715 2140 778 de
2174 738 2245 778 eo
2276 718 2646 781 mentionem

619 838 832 902 fecisse
878 835 1147 900 dubitari
1191 833 1440 917 nequit,
1490 856 1602 896 nec
1648 832 1866 896 mirum
1917 834 2072 896 foret
2112 835 2162 897 si
2195 833 2507 919 Epistolae
2539 835 2643 899 III

622 965 682 1020 et
727 955 856 1019 VII
904 956 980 1019 ad
1026 954 1195 1018 illius
1228 953 1613 1038 potissimum
1647 953 2131 1017 maledicentiam
2165 946 2646 1038 redarguendam

622 1084 823 1140 essent
869 1074 1260 1159 compositae.
1294 1075 1339 1159 ¹)

713 1192 1018 1277 Diogenes
1075 1190 1389 1269 Lacrtius,
1451 1191 1790 1275 ApuleiUS,
1855 1191 2036 1254 ceteri
2100 1192 2292 1255 secuti
2350 1200 2495 1255 sunt
2547 1216 2650 1276 po-

624 1310 928 1376 tissimum
996 1310 1185 1374 libros
1233 1320 1295 1374 et
1339 1310 1804 1374 commentarios
1867 1309 2367 1394 philosophorum
2417 1320 2477 1375 et
2525 1312 2650 1375 bio·

622 1429 1030 1513 graphorum,
1094 1451 1357 1513 quorum
1415 1427 1523 1491 ille
1585 1449 1876 1511 magnum
1921 1451 2246 1492 numerum
2294 1430 2459 1493 citat.
2554 1430 2647 1493 Ex

620 1547 715 1610 his
775 1547 1121 1610 nominasse
1198 1546 1465 1609 sufficiat
1530 1567 1631 1609 eos
1680 1546 1786 1629 qui
1833 1545 2106 1609 Platonis
2155 1547 2338 1610 aetati
2386 1548 2644 1631 proximi

618 1667 904 1731 fuerunt:
955 1665 1366 1750 Speusippum
1405 1666 1467 1729 in
1509 1663 1819 1735 Πλάτωνος
1852 1666 2215 1749 περιδείπνῳ,
2279 1666 2641 1731 Clearchum

621 1786 685 1848 in
761 1784 1073 1855 Πλάτωνος
1136 1784 1439 1863 ἐγκωμίῳ,
1500 1781 1849 1847 Neanthem
1911 1782 2308 1868 Cyzicenum,
2369 1785 2647 1848 Dicaear-

622 1901 804 1964 chum
837 1900 969 1981 Περὶ
1002 1901 1180 1978 βίων,
1219 1900 1703 1978 Hermodorum,
1729 1901 2198 1979 Aristoxenum,
2228 1901 2643 1981 Heraclidem,

622 2021 1107 2106 Theopompum.
1180 2019 1489 2103 Diogenes
1538 2026 1740 2084 autem
1797 2020 1908 2082 etsi
1941 2028 2216 2085 auctores
2248 2020 2386 2083 illos
2420 2022 2644 2105 passim

625 2142 808 2217 citat,
868 2155 1069 2203 tamen
1117 2138 1480 2223 plerumque
1528 2140 1858 2203 oscitanter
1902 2140 2076 2203 nullo
2117 2140 2350 2225 judicio
2399 2164 2500 2203 eos
2548 2140 2648 2204 ad-

624 2259 829 2323 hibuit
849 2310 866 2335 ,
924 2255 1102 2343 plura
1171 2281 1309 2321 vero
1372 2281 1498 2322 non
1561 2282 1594 2323 e
1653 2259 1927 2324 fontibus
1989 2259 2170 2343 ipsiS,
2227 2259 2332 2323 sed
2388 2259 2644 2323 aliorum

626 2402 658 2441 e
706 2377 921 2441 rivulis
968 2377 1207 2455 hausit3
1277 2400 1434 2461 quae
1495 2377 1573 2442 de
1618 2377 1893 2441 Platonis
1943 2378 2065 2441 vita
2110 2378 2328 2455 habet,
2400 2401 2470 2441 ea
2515 2401 2648 2462 par-

625 2497 735 2560 tim
784 2518 817 2559 e
862 2496 1145 2560 Favorini
1202 2497 1652 2560 commentariis
1701 2503 1760 2560 et
1807 2496 2077 2559 historiis
2122 2496 2365 2560 videtur
2407 2496 2647 2559 concin-

625 2637 821 2679 nasse.
854 2618 905 2700 2)
996 2615 1271 2679 Platonis
1320 2622 1520 2679 autem
1572 2637 1728 2699 quae
1753 2616 2034 2679 feruntur
2086 2614 2396 2699 Epistolae
2445 2638 2480 2677 a
2526 2613 2648 2677 Ne-

626 2743 770 2820 pote
830 2742 891 2797 et
948 2758 982 2797 a
1030 2734 1301 2798 Diodoro
1347 2756 1473 2798 non
1518 2734 1806 2799 videntur
1851 2733 2159 2797 adhibitae
2206 2756 2367 2811 esse3
2433 2732 2646 2796 sedulo

630 2876 769 2916 vero
833 2853 929 2916 his
983 2854 1081 2917 usi
1128 2860 1272 2917 sunt
1318 2852 1689 2917 Plutarchus
1747 2860 1807 2915 et
1851 2852 2134 2916 Laertius
2150 2902 2168 2930 ,
2219 2853 2327 2936 qui
2374 2876 2472 2915 eas
2519 2860 2649 2915 tan-

627 2994 813 3055 quam
867 2995 1157 3058 germana
1201 2972 1476 3036 Platonis
1524 2973 1752 3058 scripta
1796 2979 1858 3035 et
1901 2972 2255 3056 gravissima
2300 2972 2648 3035 testimonia

632 3092 845 3154 citant.

715 3207 802 3271 Hi
863 3208 1054 3292 igitur
1116 3216 1262 3272 sunt
1320 3208 1519 3272 fontes
1535 3257 1555 3286 ,
1612 3208 1760 3271 haec
1804 3208 2184 3286 testimonia,
2234 3208 2460 3293 quibus
2506 3229 2645 3272 cum

622 3325 920 3411 Epistolis
980 3325 1394 3403 conferendiS,
1458 3325 1610 3410 quid
1666 3326 1731 3389 in
1789 3326 1885 3390 his
1947 3349 2082 3389 vere
2149 3334 2210 3390 et
2253 3334 2447 3404 recte,
2497 3325 2646 3409 quid

628 3467 803 3508 secus
862 3444 1123 3509 relatum
1185 3445 1293 3522 sit,
1343 3444 1548 3528 quoad
1592 3444 1829 3508 licitum
1875 3453 2003 3523 est,
2051 3444 2475 3532 dijudicemus,
2568 3444 2644 3510 In

632 3586 754 3648 quo
816 3564 1019 3647 ipsum
1087 3562 1503 3647 Epistolarum
1559 3563 1814 3628 ductum
1874 3572 2195 3647 sequentes
2249 3563 2646 3628 tractabimus

632 3684 827 3768 primo
876 3705 1033 3767 quae
1078 3684 1141 3747 in
1188 3682 1467 3768 Epistola
1513 3682 1644 3747 VII
1689 3682 1765 3746 de
1813 3683 2195 3747 Athenarum
2242 3689 2406 3746 statu
2463 3691 2525 3747 et
2569 3682 2645 3746 de

696 3998 743 4059 1)
777 3996 888 4047 vm.
930 3998 1143 4056 Matres,
1179 3996 1308 4047 mss.
1339 3996 1499 4061 inaug.
1533 3997 1592 4045 de
1627 3996 1878 4046 Favorino.
1913 3995 2042 4061 rraj.
2077 3996 2134 4045 aa
2169 3997 2264 4045 Rh.
2305 3972 2456 4056 1853,
2493 4014 2540 4062 p.
2565 3999 2646 4048 99.

697 4093 747 4155 2)
781 4093 1015 4142 Philistus
1048 4093 1266 4157 Dionysii
1303 4091 1503 4140 minoris
1538 4092 1686 4141 vitam
1721 4096 1769 4139 et
1803 4108 1876 4139 res
1911 4096 2066 4155 gestas
2091 4093 2392 4156 comscripsit
2415 4109 2563 4157 usque
2588 4094 2646 4142 ad

629 4204 807 4238 annum
850 4206 893 4238 a.
929 4189 986 4239 C.
1022 4188 1142 4237 363:
1206 4188 1357 4252 igitur
1406 4188 1463 4235 de
1516 4188 1662 4236 tertio
1714 4187 1926 4235 Platonis
1973 4187 2174 4246 itinere,
2208 4188 2333 4251 quod
2382 4188 2551 4237 incidit
2597 4189 2646 4238 in

630 4300 673 4333 a.
708 4283 832 4342 361,
867 4300 963 4332 non
1000 4284 1205 4348 scripsit.
1260 4283 1367 4332 vid.
1402 4283 1570 4345 Haug‚
1600 4283 1685 4331 ‘die
1719 4282 1920 4347 Quellen
1957 4283 2236 4342 Plutarchs‚
2273 4300 2319 4347 p.
2357 4285 2436 4334 63.
