3092 5084
1591 490 1709 551 130

639 723 733 773 νης
770 697 1185 775 μετ-πέμπετ’
1218 694 1321 773 ἐμὲ
1337 746 1355 771 ,
1404 696 1601 759 Δίωνα
1647 695 1967 775 δ’ἐπισχεῖν
2013 694 2096 759 ἔτι
2143 673 2393 759 ἐνιαυτὸν
2438 694 2614 758 ἐδεῖτο
2634 742 2652 770 ,

639 816 743 892 ἐμὲ
773 817 820 879 δ’
852 814 999 890 ἥκειν
1030 817 1095 879 ἐκ
1124 813 1343 885 παντὸς
1374 814 1586 894 τρόπου
1619 812 1792 889 ἠξίου.
1833 812 1928 877 Cf.
1954 813 2068 898 Ep.
2096 812 2218 891 ΠΙ,
2242 837 2303 899 p.
2331 816 2455 879 317
2489 815 2546 876 A
2569 812 2651 877 B:

639 934 705 997 τὸ
750 934 807 997 δὲ
852 932 1129 1014 δεύτερον,
1168 932 1377 1011 εἰρήνης
1427 930 1734 1009 γενομένης
1755 980 1770 1003 ,
1825 930 2052 1003 ἐκάλεις
2099 957 2178 1008 με
2223 934 2286 997 οὐ
2332 932 2506 1011 κατὰ,
2543 932 2654 1002 τὰς

639 1051 990 1128 ὅμολεγίοις,
1036 1051 1204 1115 ἀλλὰ
1250 1050 1416 1127 μόνον
1469 1048 1619 1123 ἥκειν
1664 1048 2050 1126 ἐπέστελλες,
2099 1050 2294 1114 Δίωνα
2338 1050 2386 1112 δ’
2409 1050 2656 1121 εἰσαῦθις

640 1168 869 1252 ἔφησθα
924 1169 1480 1247 μεταπέμψασθαι·
1544 1169 1638 1233 διὰ
1699 1172 1880 1233 ταῦτ’
1938 1172 2036 1235 οὐκ
2096 1166 2288 1247 ἦλθον,
2342 1170 2510 1233 ἀλλὰ
2554 1171 2653 1233 καὶ

643 1288 813 1351 Δίωνι
878 1286 1002 1353 τότ’
1046 1288 1433 1366 ἀπηχθόμην,
1498 1285 1635 1368 ᾤετο
1695 1285 1811 1365 γὰρ
1858 1282 2000 1351 εἶναι
2044 1287 2275 1363 βέλτιον
2319 1289 2505 1370 ἐλθεῖν
2553 1290 2656 1365 ἐμὲ

640 1406 738 1469 καὶ
786 1406 1117 1470 ὑπακοῦσαί
1151 1428 1273 1469 σοι.
1318 1406 1385 1469 τὸ
1431 1405 1490 1468 δὲ
1529 1404 1692 1482 μετὰ
1721 1407 1885 1470 ταῦθ’
1916 1403 2140 1484 ὕστερον
2171 1408 2406 1487 ε’νιοιυτῷ
2437 1404 2656 1486 τριήρης

640 1524 889 1607 ἄφίκετο
941 1523 1039 1587 καὶ
1090 1524 1395 1587 ἐπιστολαὶ
1458 1524 1626 1604 παρὰ
1690 1530 1792 1588 σοῦ
1850 1524 1966 1587 κτέ.
2056 1523 2233 1587 Plato
2278 1524 2500 1608 igitur,
2549 1523 2658 1587 diu

642 1642 1070 1726 tergiversatus
1088 1690 1107 1720 ,
1146 1640 1393 1704 tandem
1426 1663 1586 1705 anno
1633 1640 1834 1726 elapso
1880 1642 2126 1725 (ὕστερον
2167 1644 2454 1727 ἐνιαυτῷ),
2487 1664 2658 1705 oran-

642 1761 809 1825 tibus
856 1769 917 1824 et
966 1760 1357 1825 hortantibus
1406 1761 1614 1825 amicis
1632 1811 1650 1839 ‚
1699 1762 2003 1824 triremem
2050 1784 2086 1824 a
2129 1760 2423 1845 Dionysio
2471 1761 2658 1823 Athe-

643 1902 751 1943 nas
827 1880 1075 1943 missam
1154 1878 1509 1944 conscendit
1580 1887 1640 1941 et
1701 1880 1882 1943 tertio
1944 1878 2267 1963 Syracusas
2329 1879 2656 1964 navigavit.

642 1997 743 2062 Ibi
789 2021 981 2082 quum
1027 2006 1357 2083 tyrannum
1387 1998 1780 2062 reconciliare
1811 1997 1996 2061 Dioni
2027 1998 2252 2061 frustra
2284 1999 2622 2062 studuisset
2641 2049 2655 2074 ,

649 2116 1023 2199 aliquamdiu
1089 2140 1125 2179 a
1176 2116 1473 2200 Dionysio
1521 2123 1791 2179 retentus
1854 2123 1915 2179 et
1968 2116 2175 2179 elusus
2185 2165 2204 2195 ,
2253 2116 2498 2180 tandem
2548 2118 2655 2179 Ar-

557 2279 563 2287 ·
648 2234 863 2318 chytae
920 2235 1349 2297 intercessione
1394 2234 1682 2297 dimissus
1730 2244 1839 2299 est.
1931 2234 2085 2299 Inde
2129 2234 2320 2298 redux
2366 2236 2432 2297 in
2479 2235 2662 2298 Grae-

648 2352 801 2417 ciam
854 2352 1019 2415 ludis
1069 2352 1372 2438 Olympiis
1426 2353 1710 2418 convenit
1756 2352 2045 2431 Dionem,
2095 2352 2322 2417 bellum
2371 2353 2657 2416 adversus

647 2468 1009 2555 Dionysium
1057 2469 1427 2535 molientem.
1462 2472 1506 2555 l)
1575 2469 1733 2534 Sunt
1779 2470 1846 2533 hi
1890 2469 2022 2535 ludi
2067 2470 2334 2535 ineuntis
2366 2471 2467 2535 Ol.
2506 2474 2656 2548 105,

646 2588 946 2672 siquidem
1004 2594 1144 2651 ante
1188 2588 1435 2652 initium
1481 2588 1789 2671 proximae
1835 2587 2214 2673 Olympiadis
2259 2588 2380 2651 Dio
2426 2589 2656 2653 bellum
2746 2618 2750 2621 ’

646 2706 796 2769 tulit
862 2706 927 2769 in
989 2705 1277 2769 Siciliam.
1386 2704 1545 2768 Cum
1621 2727 1744 2789 quo
1823 2716 2091 2790 tempore
2165 2707 2432 2771 concinit
2494 2708 2660 2791 quod

646 2823 1016 2888 Plutarchus
1034 2873 1053 2902 ,
1102 2824 1287 2889 Dion.
1335 2846 1387 2887 c.
1441 2826 1518 2887 19
1538 2873 1558 2900 ,
1608 2831 1845 2901 narrat,
1895 2846 2084 2907 quum
2124 2824 2302 2889 Plato
2334 2825 2658 2910 Syracusas

646 2942 935 3019 venisset,
984 2941 1374 3019 Heliconem,
1412 2964 1599 3005 unum
1635 2964 1707 3005 ex
1739 2942 1869 3005 eius
1903 2942 2328 3020 familiaribuS,
2379 2944 2659 3007 defectio-

646 3081 784 3122 nem
831 3058 975 3121 solis
1021 3058 1416 3143 praedixisse,
1467 3080 1624 3142 quae
1670 3080 1810 3122 mox
1840 3067 2164 3123 consecuta
2198 3068 2306 3123 est.
2377 3059 2654 3125 Defectio

647 3179 765 3241 ista
810 3176 972 3239 cadit
1017 3177 1083 3240 in
1120 3176 1219 3240 Ol.
1258 3179 1419 3255 104,
1452 3180 1526 3254 4,
1576 3200 1628 3239 a.
1665 3176 1726 3240 a‘.
1759 3176 1829 3239 C.
1863 3180 2022 3255 361,
2067 3198 2256 3260 quum
2289 3178 2467 3243 Plato
2499 3189 2658 3243 esset

642 3298 770 3383 jam
821 3319 1011 3381 paene
1056 3296 1576 3381 septuagenarius
1604 3295 1650 3380 2)
1741 3295 1840 3360 Sic
1887 3296 2133 3380 quidem
2178 3296 2467 3360 itinerum
2512 3305 2660 3360 tem·
2694 3362 2701 3369 ,

649 3436 800 3499 pora
844 3414 908 3477 in
956 3412 1213 3498 epistola
1258 3412 1525 3477 indicata
1571 3435 1710 3475 cum
1743 3413 1958 3477 ceteris
1991 3412 2232 3477 indiciis
2251 3415 2656 3479 conveniunt.

736 3532 878 3596 Tria
907 3532 1014 3595 illa
1043 3531 1317 3596 Platonis
1362 3532 1584 3595 itinera
1625 3531 1836 3595 ordine
1869 3541 2416 3596 commemorantur
2447 3556 2482 3596 a
2511 3532 2655 3595 Dio-

649 3672 800 3735 gene
842 3649 1123 3727 LaethiO,
1172 3650 1279 3714 lib.
1327 3648 1458 3727 III,
1505 3652 1545 3735 ᾗ
1592 3652 1880 3713 18-23ε
1930 3652 2069 3732 Τρῖς
2111 3651 2169 3714 δὲ
2213 3651 2539 3716 πέπλευκεν
2577 3653 2656 3723 εἷς

715 3979 765 4040 l)
800 3978 870 4026 De
915 3982 1154 4027 conventu
1203 3976 1294 4026 hoc
1339 3983 1394 4026 ut
1437 3977 1733 4027 memorabili
1784 3978 1908 4026 sacto
1955 3978 2144 4027 disertis
2179 3979 2334 4028 verbis
2368 3981 2656 4031 mentionem

653 4073 769 4123 fecit
801 4073 1043 4123 Neanthes
1078 4073 1365 4139 Cyzicenus,
1400 4074 1525 4139 apud
1558 4073 1826 4131 Luci-tium,
1866 4072 1974 4131 111,
2011 4072 2090 4122 25.

712 4168 765 4230 2)
798 4168 963 4218 Barth.
998 4168 1119 4233 Voy.
1153 4168 1217 4217 du
1246 4167 1389 4231 jeune
1422 4168 1606 4219 Anach.
1639 4167 1775 4231 chap.
1812 4169 1873 4216 33
1905 4172 2044 4227 -note,
2079 4169 2160 4231 qui
2184 4170 2426 4233 redarguit
2447 4186 2654 4220 errorem

650 4262 854 4313 Coruini.
