3092 5084
1374 486 1495 545 153

412 694 685 759 monium
732 693 796 757 id
842 714 1086 777 quoque
1116 692 1311 769 valet,
1346 690 1512 776 quod
1534 740 1552 768 ‚
1589 692 1826 755 vivente
1858 691 2059 755 adhue
2101 692 2330 769 Dione,
2365 693 2440 756 ab

413 812 677 876 inimicis
728 812 859 875 eius
905 832 1113 875 rumor
1157 832 1403 895 sparsus
1450 817 1544 873 est
1590 812 1769 893 (teste
1822 810 2152 874 Plutarcho
2208 834 2259 873 c.
2297 813 2440 895 56),

416 953 589 1007 eum,
638 953 829 1015 quum
884 930 1014 1015 ipse
1059 930 1185 993 filio
1231 929 1481 994 orbatus
1528 937 1722 1008 esset,
1771 930 2223 1015 Apollocratem
2242 982 2261 1011 ,
2298 929 2442 995 Dio-

417 1048 571 1133 nysii
645 1049 899 1113 minoris
970 1047 1205 1125 filium,
1271 1056 1587 1112 strenuum
1649 1049 1972 1133 juvenem,
2036 1072 2442 1114 successorem

415 1166 532 1231 sibi
559 1165 912 1231 destinasse.
964 1166 1376 1247 Quamobrem
1395 1217 1415 1245 ,
1440 1167 1562 1231 nisi
1583 1168 1863 1252 scriptori
1886 1175 2092 1233 nostro
2119 1168 2248 1233 sine
2273 1170 2443 1254 justa

416 1310 599 1351 causa
638 1294 878 1373 turpem
926 1286 1229 1351 inscitiam
1268 1287 1571 1371 imputare
1599 1286 1881 1351 volumus
1900 1337 1920 1365 ‚
1954 1310 2197 1351 necesse
2223 1294 2317 1351 est
2338 1287 2438 1351 hic

416 1405 675 1470 alterum
704 1404 1120 1490 Hipparinum
1158 1404 1458 1489 intelligi,
1500 1406 1610 1488 qui
1645 1404 1806 1469 idem
1844 1405 1910 1469 in
1943 1404 2223 1490 Epistola
2245 1405 2438 1483 VIII,

417 1547 475 1609 p.
526 1526 654 1587 356
703 1525 795 1600 A,
846 1524 1242 1608 significatur.
1294 1521 1479 1602 Quod
1526 1523 1602 1587 de
1636 1531 1834 1588 aetate
1867 1524 2083 1589 Dionis
2120 1534 2181 1590 et
2213 1525 2446 1610 Hippa-

411 1643 533 1706 rini
578 1642 758 1719 dicit,
806 1642 989 1727 plane
1034 1643 1334 1735 convenit.
1405 1639 1569 1705 Nam
1615 1642 1822 1727 primo
1868 1642 2144 1707 Platonis
2178 1643 2442 1708 adventu

416 1761 481 1824 in
542 1759 809 1825 Siciliam
871 1760 992 1824 Dio
1055 1767 1183 1824 erat
1235 1760 1477 1845 juvenis
1532 1760 1754 1845 viginti
1805 1783 2142 1839 annorum3
2192 1761 2443 1827 eandem

416 1881 539 1944 fere
574 1889 833 1944 aetatem
861 1880 1146 1966 attigerat
1178 1879 1560 1965 Hipparinus
1581 1928 1599 1957 ,
1636 1880 1834 1944 occiso
1855 1880 2073 1945 Dione.
2108 1882 2153 1964 ι)
2202 1880 2441 1962 Quodsi
2545 1879 2549 1883 ’

417 1998 517 2062 hic
592 1998 961 2083 intelligitur
975 2048 994 2076 ‚
1058 2000 1431 2084 comparatio
1492 2001 1654 2063 inter
1718 2022 1857 2064 eum
1919 2007 1981 2064 et
2057 2000 2317 2065 Dionem
2378 2000 2441 2065 in

416 2117 532 2181 hoc
595 2118 793 2203 posita
850 2125 973 2181 est:
1042 2118 1560 2203 quemadmodum
1609 2119 1730 2183 Dio
1749 2169 1766 2197 ‚
1835 2141 2017 2203 quem
2064 2120 2308 2205 juvenis
2354 2142 2445 2183 os·

412 2236 611 2301 tendit
668 2236 971 2301 libertatis
1034 2259 1331 2316 amorem,
1396 2237 1658 2303 eundem
1721 2261 1960 2324 semper
2020 2238 2310 2318 retinuit,
2357 2239 2446 2303 ita

414 2376 653 2439 sperare
697 2354 841 2419 licet
884 2340 1025 2419 fore·
1057 2361 1130 2420 ut
1174 2354 1556 2440 Hipparinus
1581 2379 1831 2442 quoque
1850 2406 1869 2435 ‚
1908 2356 2075 2441 quod
2105 2379 2272 2422 nunc
2305 2357 2444 2421 ado·

412 2474 643 2537 lescens
688 2472 956 2539 ostendit
1001 2456 1347 2557 ingenium,
1396 2473 1461 2538 id
1507 2496 1615 2560 per
1657 2475 1964 2560 reliquum
2002 2476 2164 2541 vitae
2189 2483 2431 2561 tempus

418 2599 636 2655 servet.
669 2592 719 2678 2)

502 2710 639 2774 Tali
692 2711 1192 2796 interpretatione
1244 2712 1298 2775 si
1342 2710 1682 2797 Epistolam
1727 2712 1858 2776 VII
1903 2714 2072 2799 turpi
2119 2736 2318 2779 errore
2372 2714 2446 2779 li-

414 2830 623 2895 berare
683 2830 860 2907 licet,
925 2830 1090 2895 idem
1153 2838 1357 2895 tamen
1418 2832 1637 2896 vitium
1699 2832 1976 2897 inhaeret
2037 2833 2102 2898 in
2163 2832 2444 2919 Epistola

418 2948 599 3012 VIII.
689 2948 973 3034 Pingitur
1031 2949 1120 3014 ibi
1184 2949 1306 3014 Dio
1370 2950 1594 3015 amicos
1643 2972 1786 3016 suos
1835 2973 1908 3015 ex
1955 2951 2161 3015 inferis
2211 2951 2446 3037 alloqui

414 3088 637 3151 eosque
683 3066 913 3133 hortari
956 3075 1028 3133 ut
1071 3091 1276 3154 regem
1322 3070 1707 3135 constituant
1752 3076 1969 3151 πρῶτον
2017 3071 2122 3145 μὲν
2172 3074 2270 3136 τὸν
2307 3070 2444 3148 ἐμὸν

417 3187 629 3273 (ipsius
676 3186 917 3271 Diouis)
964 3188 1107 3265 υἱὸν,
1154 3180 1413 3295 χκρίτωο
1462 3186 1630 3254 ἕνεκα
1655 3189 1889 3268 διττῶν,
1916 3198 2021 3264 τῆς
2046 3193 2278 3281 τοοκ-αρ’
2301 3191 2442 3267 ἐμοῦ

419 3432 541 3481 disse
583 3430 787 3481 dieitur:
823 3432 933 3483 εἶναι
963 3432 1082 3482 αὐτὰ
1120 3434 1171 3483 οὗ
1202 3435 1383 3490 Δὶωνος,
1424 3434 1542 3482 ἀλλὰ
1574 3438 1675 3483 τοῦ
1708 3436 1804 3483 υἱέ
1813 3451 1838 3482 ο
1853 3454 1900 3496 ς,
1935 3432 2058 3489 ὄντος
2089 3436 2176 3496 μὲν
2205 3432 2442 3500 &anaqam

420 3530 582 3584 αὐτοῦ,
610 3526 658 3575 h.
694 3542 734 3575 e.
770 3526 1017 3590 Dionysii3
1060 3530 1108 3575 et
1142 3542 1188 3589 p.
1224 3524 1319 3578 34¹7
1357 3526 1427 3575 D:
1464 3530 1541 3579 ὅτε
1575 3526 1630 3583 δή
1662 3545 1743 3590 μοι
1776 3530 1853 3577 καὶ
1886 3528 2099 3583 Διονύσιος
2131 3530 2328 3591 ἐμνήσθη
2360 3529 2438 3576 λέ-

419 3640 532 3684 γων,
588 3624 657 3672 ὅτι
708 3627 789 3679 τὴν
835 3623 1046 3686 ἡμισεὶαν
1093 3628 1175 3679 τῆς
1225 3622 1377 3677 οὐσίας
1427 3620 1537 3671 εἶναι
1592 3620 1684 3671 δέοι
1717 3622 1904 3687 Δίωνος,
1935 3626 2017 3679 τὴν
2050 3616 2314 3684 &mucciunt
2346 3624 2442 3670 τοῦ

423 3720 516 3767 υἱέ
523 3735 597 3773 ος.

490 3812 536 3872 1)
570 3811 930 3861 Demonstravit
966 3811 1057 3860 hoc
1091 3810 1318 3859 Salomon
1351 3810 1403 3860 ll.
1438 3826 1485 3875 p.
1523 3810 1614 3869 11,
1662 3810 1744 3873 qui
1778 3810 1836 3859 de
1869 3809 2136 3874 Hipparino
2170 3812 2219 3859 et
2237 3809 2295 3858 de
2311 3809 2442 3859 omni

422 3906 760 3972 Dionysiorum
808 3907 986 3956 familia
1030 3910 1251 3955 accurate
1294 3906 1534 3972 disputat,
1588 3922 1637 3970 p.
1673 3906 1836 3956 9—14
1871 3910 1919 3955 et
1954 3906 2014 3955 21
2051 3922 2154 3971 sqq.
2222 3906 2442 3955 Incertus

422 4008 578 4053 tamen
614 4003 805 4061 haeret,
842 4007 950 4053 uter
982 4002 1319 4066 intelligendus
1354 4002 1433 4051 eit.

487 4098 535 4160 2)
566 4100 710 4149 Hunc
744 4106 843 4149 esse
876 4114 1063 4149 sensum
1099 4098 1354 4147 verborum
1388 4102 1451 4156 εἰς
1485 4102 1622 4159 &vad
1635 4106 1717 4159 τὴν
1739 4100 1872 4156 δόξαν
1886 4096 2439 4165 ξὺμφωνον,ειιρι·αὶιιᾱί·
2491 4084 2500 4093 ’

420 4195 551 4254 cavi,
584 4210 633 4259 p.
667 4197 749 4243 45.
818 4194 958 4259 Quod
1004 4194 1047 4242 si
1094 4197 1365 4258 reputasset
1397 4193 1651 4255 Salomon,
1686 4209 1807 4254 non,
1842 4192 2038 4261 opinor,
2072 4191 2284 4261 ineptam
2319 4192 2443 4247 hanc

422 4289 820 4359 comparationem
850 4288 1137 4353 iudicasset,
1171 4304 1220 4357 p.
1257 4288 1336 4342 11.
