3092 5084
1337 501 1414 562 15

463 707 693 772 Eodem
723 714 1096 793 syntagmate
1132 707 1233 771 usi
1260 729 1390 772 esse
1417 706 1705 771 vident-ur
1734 705 2130 784 PlutarchuS,
2164 706 2377 771 Aelius

373 827 673 891 Aristides
694 877 713 906 ,
759 827 1098 905 LucianuS‚
1146 827 1445 906 Albinus,
1473 827 1521 912 ¹)
1568 825 1897 911 Origenes,
1931 827 2115 892 ceteri
2154 827 2379 892 saeculi

369 945 441 1008 II
487 953 547 1008 et
590 945 695 1009 ΠΙ
739 946 1093 1030 scriptores,
1141 968 1178 1010 a
1223 945 1446 1031 quibus
1492 945 1763 1009 diversae
1809 945 2120 1030 Epistolae
2151 947 2376 1030 passim

373 1064 660 1128 citantur.
688 1067 735 1149 2)
791 1064 906 1128 His
962 1087 1103 1128 vero
1161 1065 1469 1148 antiquior
1516 1065 1690 1128 testis
1737 1072 1828 1127 est
1874 1063 2086 1128 Cicero
2102 1114 2120 1142 ,
2170 1085 2207 1126 a
2251 1085 2375 1152 quo

370 1182 526 1268 Epp.
552 1181 628 1261 V,
663 1181 791 1247 VH
821 1191 881 1247 et
912 1183 1006 1247 IX
1036 1183 1383 1248 laudantur.
1433 1182 1626 1268 Cujus
1649 1183 2065 1246 testimonium
2098 1181 2149 1246 si
2175 1204 2281 1267 per
2312 1206 2377 1246 se

369 1324 495 1366 non
548 1302 703 1367 tanti
759 1311 851 1366 est
896 1311 967 1366 ut
1011 1302 1128 1386 ipsi
1174 1301 1418 1366 Platoni
1463 1301 1879 1365 attribuantur
1924 1302 2022 1384 (cf.
2071 1300 2377 1386 Wiegand

366 1441 508 1504 pag.
543 1423 737 1505 extr.),
771 1426 834 1483 at
862 1420 1073 1484 Cicero
1107 1420 1167 1484 id
1193 1421 1426 1504 accepit
1447 1420 1522 1485 ab
1546 1419 1902 1503 aequalibus
1934 1427 1996 1484 et
2018 1419 2369 1504 majoribus„

367 1539 735 1603 Academiae
777 1539 1113 1617 sodalibuS‚
1147 1539 1309 1603 unde
1341 1539 1599 1602 efficitur
1629 1539 1704 1603 ab
1735 1539 1829 1602 his
1861 1560 2105 1623 quoque
2136 1538 2376 1623 Episto-

365 1657 458 1721 las
506 1657 690 1742 vulgo
733 1680 840 1742 pro
870 1657 1202 1722 Platonicis
1233 1657 1471 1721 habitas
1504 1679 1653 1721 esse.
1703 1657 1943 1721 Horum
1976 1663 2181 1720 autem
2214 1665 2377 1720 aetas

367 1798 565 1859 quum
610 1799 735 1840 non
779 1785 904 1839 tam
945 1775 1125 1860 longe
1155 1774 1230 1841 ab
1263 1774 1814 1839 Alexandrinorum
1848 1775 2378 1859 grammaticorum

365 1895 747 1979 temporibus
799 1901 1030 1958 remota
1075 1894 1184 1971 sit,
1228 1895 1355 1978 jam
1393 1916 1463 1957 eo
1495 1892 1855 1957 deducimur
1883 1901 1957 1957 ut
1986 1893 2378 1978 probabiliter

368 2021 642 2078 statuere
702 2013 916 2090 liceat,
980 2011 1218 2076 easdem
1279 2012 1564 2098 epistolas
1580 2061 1599 2089 ‚
1662 2012 1715 2075 si
1760 2034 1882 2075 non
1932 2033 2140 2076 omnes
2150 2062 2169 2091 ,
2219 2020 2385 2104 certe·

368 2132 726 2215 praecipuas
744 2181 762 2208 ,
804 2133 928 2216 jam
975 2130 1050 2194 ab
1097 2130 1503 2214 Aristophane
1549 2130 1941 2214 grammatico
1982 2131 2154 2194 tritas
2202 2145 2263 2194 et
2308 2132 2373 2195 in

369 2271 628 2334 operum
672 2248 948 2312 Platonis
995 2248 1339 2332 catalogum
1383 2256 1653 2332 receptas
1700 2248 1905 2311 fuisse.

460 2367 501 2431 J
503 2391 598 2431 am
645 2368 694 2430 si
743 2367 1027 2452 epistolas
1065 2367 1224 2431 inter
1269 2389 1332 2429 se
1362 2388 1779 2450 comparamus
1796 2416 1815 2444 ‚
1863 2366 2087 2431 nemini
2114 2366 2371 2430 dubium

363 2485 562 2551 videri
592 2492 825 2571 potest,
873 2484 949 2548 de
980 2506 1102 2569 quo
1140 2506 1347 2548 omnes
1377 2484 1799 2562 consentiunt,
1846 2483 2183 2569 Epistolam
2216 2483 2372 2563 VII,

367 2604 451 2668 ad
506 2604 721 2668 Dionis
766 2603 1138 2689 propinquos
1185 2603 1503 2688 scriptam‘,
1560 2602 1961 2688 amplitudine
1975 2652 1994 2680 ‚
2042 2603 2337 2687 gravitate
2352 2653 2372 2680 ,

365 2744 576 2786 rerum
622 2721 827 2807 copia,
876 2719 1158 2784 dictionis
1205 2727 1458 2798 ornatu,
1492 2720 1704 2784 ceteris
1736 2719 2019 2787 omnibus
2050 2727 2372 2806 praestare.

367 2839 486 2904 Est
540 2840 686 2905 haec
733 2839 988 2924 epistola
1034 2839 1207 2923 quasi
1252 2839 1563 2924 apologia,
1612 2861 1733 2924 qua
1776 2839 2051 2903 Platonis
2100 2839 2257 2903 vitae
2287 2840 2376 2903 in-

368 2959 660 3022 stitutum
722 2966 784 3022 et
842 2959 998 3023 ratio
1013 3008 1032 3036 ‚
1089 2958 1342 3022 consilia
1384 2958 1673 3022 itinerum
1718 2980 1873 3043 quae
1917 2958 1982 3022 in
2027 2955 2271 3049 Italiam
2317 2963 2379 3020 et

371 3075 642 3141 Siciliam
703 3077 970 3162 suscepit
985 3126 1004 3154 ,
1073 3076 1456 3140 necessitudo
1516 3083 1578 3140 et
1638 3076 2061 3140 commercium
2124 3097 2278 3160 quae
2322 3074 2378 3138 ei

370 3217 514 3258 cum
576 3195 772 3259 Dione
833 3203 894 3259 et
937 3195 1230 3292 Dionysio
1275 3196 1525 3260 fuerunt
1539 3245 1559 3273 ‚
1609 3203 1996 3281 exponuntur
2040 3202 2101 3259 et
2155 3193 2229 3257 ab
2275 3193 2380 3257 ali-

281 3286 288 3296 l
371 3336 550 3376 orum
595 3313 1160 3398 reprehensionibus
1208 3313 1631 3391 vindicantur3
1664 3321 1969 3399 praeterea
1998 3313 2195 3377 multa
2223 3312 2377 3375 inse-

369 3439 628 3510 runtur,
676 3455 830 3516 quae
875 3432 953 3496 ad
999 3433 1271 3497 Platonis
1317 3433 1571 3497 consilia
1617 3432 1865 3517 politica
1883 3483 1899 3512 ,
1958 3432 2213 3497 docendi
2260 3453 2377 3494 me·-

371 3550 634 3614 thodum
648 3600 668 3628 ‚
715 3551 1058 3615 interiorem
1104 3535 1546 3637 philosophiam
1594 3558 1887 3636 spectant.

445 3809 492 3868 1)
527 3807 687 3857 Albini
711 3812 934 3872 superest
979 3807 1194 3856 libellum
1245 3811 1472 3872 Εὶςαγωγὴ
1519 3811 1583 3866 εἰς
1614 3810 1718 3867 τοὺς
1758 3813 1996 3868 Πλάτωνος
2029 3811 2281 3875 διαλόγους,
2318 3809 2377 3858 de

376 3918 471 3967 quo
505 3904 600 3953 vid.
637 3905 836 3953 Siickow
872 3905 920 3954 11.
955 3920 1002 3968 p.
1039 3905 1068 3952 8
1103 3920 1206 3969 sqq.
1241 3908 1291 3952 et
1323 3920 1370 3968 p.
1410 3905 1518 3953 169.

444 4000 494 4060 2)
529 4000 604 4050 Of.
637 4001 878 4050 Hermann
915 4016 962 4064 p.
998 4000 1121 4058 592,
1156 4004 1259 4050 not.
1293 4000 1407 4050 220.
1459 4000 1727 4065 Scriptores
1767 4000 1855 4050 hos
1884 4000 2136 4064 diligenter
2168 4005 2378 4051 recenset

376 4094 701 4144 Westermann
717 4133 732 4154 ,
776 4095 828 4145 11.
873 4111 920 4159 p.
967 4096 996 4143 3
1013 4133 1026 4152 ‚
1059 4097 1119 4153 43
1156 4095 1392 4143 commisit
1425 4101 1584 4144 autem
1617 4095 1769 4145 levem
1804 4111 2039 4154 errorem,
2073 4111 2216 4160 quum
2252 4096 2376 4160 apud

377 4189 686 4240 Plutarchum
731 4191 873 4241 Dion.
922 4207 965 4240 c.
1001 4193 1062 4239 54
1098 4190 1362 4255 Epistolam
1397 4191 1462 4240 VI
1497 4192 1632 4242 citari
1668 4192 1885 4257 scripsit3
1933 4207 2053 4256 quae
2085 4191 2151 4240 ibi
2188 4208 2377 4242 narrau-

379 4288 458 4334 tur
491 4285 714 4350 leguntur
746 4287 794 4334 in
831 4285 920 4350 Ep.
955 4285 1065 4334 Vll.
