3092 5084
1377 479 1499 538 121

432 708 692 769 quorum
757 686 1040 770 deinceps
1096 708 1348 748 munera
1393 692 1453 747 et
1500 682 1696 745 officia
1741 703 1853 745 suo
1901 681 2016 745 sibi
2064 680 2314 745 arbitrio
2359 680 2447 742 in—

430 807 731 870 formavit.

519 1041 1010 1107 Commemorans
1072 1042 1325 1127 triginta
1384 1042 1653 1105 virorum
1714 1041 2138 1105 crudelitatem
2205 1045 2264 1103 et
2326 1040 2448 1101 vio-

428 1162 714 1240 lentiam,
762 1162 975 1226 laudat
1020 1160 1283 1225 Socratis
1331 1161 1771 1238 constantiam,
1823 1160 1927 1243 qui
1974 1182 2168 1243 quum
2217 1157 2292 1221 ab
2325 1156 2448 1219 illis

417 1282 628 1367 jussus
676 1289 832 1345 esset
875 1278 1169 1344 Leontem
1214 1280 1613 1344 Salaminium
1645 1302 1720 1343 ex
1751 1280 1863 1343 hac
1887 1278 2088 1343 insula
2109 1278 2174 1341 in
2203 1277 2443 1340 tholum

428 1399 761 1478 abducere,
810 1423 932 1463 non
982 1400 1201 1485 paruit.
1295 1398 1470 1463 Idem
1516 1400 1748 1462 factum
1794 1398 1990 1461 multo
2029 1397 2297 1461 lucidius
2327 1420 2448 1459 me-

430 1527 701 1583 moratur
744 1520 807 1583 in
857 1519 1159 1603 Apologia
1204 1518 1506 1596 SocratiS,
1558 1541 1618 1602 p.
1667 1520 1750 1581 32
1787 1516 1856 1580 C.
1927 1516 2075 1579 Mox
2123 1538 2262 1581 vero
2311 1516 2450 1579 abo-

430 1638 541 1700 lita
584 1636 832 1701 illorum
878 1644 1178 1721 potestate
1196 1687 1213 1714 ‚
1264 1637 1509 1701 libertas
1541 1636 1826 1699 restituta
1857 1642 1969 1699 est.
2042 1633 2210 1714 Quid
2247 1640 2446 1697 autem

430 1763 566 1819 tum
614 1755 872 1819 accidit?
921 1755 1096 1821 Κατα
1141 1756 1199 1821 δέ
1236 1780 1371 1847 τινα1
1404 1756 1592 1835 τυχὴν
1633 1750 1709 1819 αὖ
1741 1759 1836 1817 τὸν
1875 1755 2092 1832 ἑταῖρον
2133 1756 2291 1831 ἡμῶν
2331 1763 2450 1817 Σω-

431 1874 640 1954 κράτη,
688 1881 885 1939 τοῦτον
932 1859 1368 1945 δυναστεύοντές
1399 1899 1546 1945 τινες
1581 1871 1909 1949 εἰσάγουσιν
1947 1876 2025 1944 εἷς
2057 1873 2409 1950 δικαστήριον
2427 1920 2445 1947 ,

430 1992 817 2067 ἀνοσιωτάτην
862 1993 1058 2075 αἰτίαν
1104 1992 1529 2070 ἐπιβάλλοντες
1577 1992 1673 2057 καὶ
1708 1990 1939 2056 πάντων
1975 1990 2186 2067 ἥκιστα
2219 1988 2447 2070 Σωκρά-

429 2134 517 2175 τει
562 2112 952 2188 προσήκουσαν
980 2133 993 2147 ·
1040 2112 1113 2181 ὥς
1159 2110 1352 2188 ἀσεβῆ
1394 2111 1511 2189 γαρ
1552 2112 1600 2174 οἱ
1639 2111 1744 2187 μὲν
1783 2112 2136 2192 εἰσήγαγον,
2178 2110 2226 2173 οἱ
2265 2108 2324 2172 δὲ
2347 2132 2450 2173 κα-

430 2230 839 2310 τεψηφίσαντο
885 2230 982 2293 καὶ
1030 2229 1396 2295 ἀπέκτειναν.
1445 2252 1505 2313 p.
1540 2231 1668 2292 325
1701 2228 1756 2292 B
1787 2229 1857 2292 C.
1898 2230 2298 2299 Accusatores
2346 2226 2450 2290 So-

432 2346 614 2410 cratis
675 2346 776 2411 hic
839 2346 1225 2431 appellantur
1284 2347 1720 2418 δυναστεύοντές
1772 2373 1941 2420 τινες.
2034 2346 2237 2411 Verba
2281 2348 2448 2410 δυνα-

432 2466 576 2540 στής
594 2518 611 2541 ,
660 2464 1012 2540 δυναστεύω,
1061 2466 1370 2532 δυναστεία
1401 2466 1724 2551 praecipue
1754 2474 2132 2551 usurpantur
2163 2466 2238 2529 de
2263 2466 2448 2530 unius

428 2583 529 2647 vel
572 2606 905 2668 paucorum
952 2584 1363 2649 dominatione
1378 2631 1396 2663 ,
1454 2585 1624 2651 velut
1663 2585 1849 2649 XXX
1880 2585 2150 2649 virorum
2180 2592 2448 2669 potestas

432 2711 561 2767 erat
644 2704 983 2781 δυναστείας
1062 2704 1275 2768 latiore
1336 2716 1538 2769 tamen
1601 2728 1782 2769 sensu
1843 2704 2202 2770 δυναστεύειν
2264 2705 2447 2769 etiam

432 2821 726 2885 dicuntur
770 2822 849 2899 ii,
906 2844 1089 2907 penes
1138 2845 1293 2906 quos
1341 2831 1433 2885 est
1487 2844 1723 2887 summa
1768 2829 2071 2909 potestaS,
2119 2824 2183 2887 in
2231 2823 2447 2908 oligar-

434 2941 573 3005 chia
631 2942 677 3006 οἱ
738 2942 947 3019 ὀλίγοι,
1012 2942 1075 3005 111
1140 2941 1505 3006 democratia
1551 2943 1598 3007 οἱ
1646 2944 1869 3008 πολλοί.
1962 2942 2099 3006 Hoc
2146 2965 2327 3006 sensu
2358 2943 2447 3007 in-

432 3060 631 3145 telligi
674 3060 776 3125 hic
820 3083 943 3124 non
990 3067 1249 3145 possunt
1292 3061 1729 3132 δυναστεύοντές
1775 3086 1952 3145 τινες,
1987 3084 2096 3146 pro
2130 3084 2252 3145 quo
2285 3069 2445 3125 certe

436 3178 557 3242 dici
589 3186 943 3263 oportuerat
970 3185 1081 3244 τῶν
1113 3179 1570 3244 δυναστευόντων
1603 3180 1686 3265 (h.
1713 3202 1763 3243 e.
1797 3186 1898 3245 τοῦ
1931 3181 2140 3257 δήμου,
2175 3181 2284 3265 qui
2314 3187 2448 3244 tum

435 3298 793 3382 imperabat)
837 3298 1005 3369 τινές.
1054 3299 1355 3382 Apertum
1402 3306 1493 3362 est
1540 3298 1869 3383 significari
1917 3298 2194 3363 homines
2240 3306 2450 3384 poten-

435 3424 527 3479 tes
572 3416 637 3480 in
684 3415 928 3480 civitate
944 3466 961 3494 ,
1012 3416 1219 3500 quales
1267 3425 1440 3481 erant
1485 3417 1748 3481 Socratis
1796 3426 2174 3482 accusatores
2197 3468 2214 3495 ‚
2265 3417 2451 3482 Mele-

435 3543 571 3613 tus,
636 3536 913 3619 AnytuS,
968 3532 1169 3619 Lch,
1234 3536 1341 3620 qui
1401 3545 1537 3601 tum
1592 3536 1859 3600 multum
1919 3536 2083 3621 apud
2147 3537 2448 3622 populum

435 3654 750 3719 valebant:
800 3655 951 3718 tales
998 3661 1221 3735 autem,
1246 3655 1521 3719 homines
1569 3663 1864 3719 vocantur
1908 3656 2076 3733 μέγα
2116 3656 2446 3735 δυνάμενοι,

438 3796 563 3837 11011
608 3774 1065 3845 δυναστεύοντες.
1105 3776 1151 3858 ¹)
1242 3774 1485 3837 Horum
1500 3823 1519 3852 ,
1591 3773 1776 3851 dicit,
1839 3776 1888 3839 οἱ
1957 3775 2063 3848 μὲν
2109 3775 2448 3851 εἶςήγαγον,

435 3894 483 3956 οἱ
544 3892 604 3957 δὲ
663 3892 1183 3975 κατεψηφίσαντοι
1247 3894 1358 3956 alii
1409 3900 1754 3957 accusarunt
1799 3893 2084 3957 Socratem
2099 3941 2118 3970 ,
2169 3893 2281 3956 aliz·
2327 3916 2452 3957 con-

505 4179 550 4240 1)
582 4178 657 4227 De
690 4177 764 4226 his
797 4176 986 4239 Fiet-et,
1022 4181 1168 4229 Acad.
1202 4180 1284 4229 des
1318 4181 1466 4231 Inscr.
1500 4181 1637 4231 Tom.
1661 4181 1742 4241 47,
1779 4196 1826 4245 p.
1851 4182 1948 4232 212
1982 4196 2051 4245 sq.
2091 4181 2355 4232 Stanbaum
2389 4182 2448 4232 ad

441 4273 563 4325 Plat.
600 4273 739 4342 Apol.
774 4290 815 4322 e.
852 4274 943 4333 10,
979 4291 1027 4340 p.
1062 4275 1124 4326 23
1160 4275 1200 4327 Ε
1234 4278 1283 4327 et
1317 4275 1430 4326 ibid.
1467 4293 1508 4326 c.
1545 4278 1602 4334 2,
1640 4294 1688 4341 p.
1727 4278 1788 4327 18
1824 4278 1881 4329 Β.
