3092 5084
1607 491 1732 552 208

660 697 750 762 ita
816 705 1161 782 comparata
1228 706 1375 762 sunt
1440 665 1527 760 ut·
1573 695 1856 781 Pythiam
1909 696 2115 780 potius
2183 717 2366 779 quam
2411 694 2678 780 philoso-

633 816 855 902 'phum
918 815 1129 882 audire
1190 823 1252 880 te
1312 815 1539 880 credas.
1635 813 1820 895 Quod
1876 813 2054 879 initio
2117 814 2344 879 dicitur
2385 815 2453 880 τὸ
2498 815 2680 896 cepal-
2775 867 2786 874 .

656 959 763 1015 mov
776 984 797 1014 ‚
846 933 999 1020 quid
1044 935 1344 1020 significet
1358 984 1377 1013 ,
1426 933 1773 998 obscurum.
1866 931 2190 998 Probabile
2252 933 2471 1019 opinor
2485 983 2504 1012 ,
2561 933 2679 1017 sig-

657 1054 891 1118 nificari
964 1075 1091 1119 non
1159 1053 1380 1139 pilam,
1442 1061 1660 1118 notum
1720 1051 1942 1116 ludum
1958 1102 1977 1130 ‚
2041 1059 2114 1116 ut
2177 1051 2469 1121 Ceruario
2517 1050 2679 1115 vide-

660 1171 839 1237 batur
882 1171 1116 1258 (Eclog.
1164 1171 1261 1262 lX
1276 1221 1295 1250 ,
1342 1196 1403 1258 p.
1456 1173 1638 1256 134),
1687 1169 1795 1235 sed
1838 1170 2157 1256 sphaeram
2189 1157 2673 1235 astronomicam.

657 1291 878 1376 Itaque
947 1297 1179 1377 spectat
1240 1291 1334 1354 his
1395 1290 1594 1356 verbis
1653 1296 1814 1354 tecte
1828 1340 1847 1368 ‚
1919 1298 1992 1354 ut
2051 1289 2212 1355 inter
2273 1290 2498 1354 amicos
2514 1339 2533 1367 ,
2597 1288 2673 1353 ad

658 1409 937 1496 Dionysii
999 1408 1273 1474 studium
1334 1410 1728 1495 geometrices
1743 1459 1762 1488 ,
1829 1431 1951 1494 qua
2005 1407 2295 1473 imbuisse
2341 1431 2482 1473 eum
2528 1397 2676 1472 fere-

659 1529 840 1595 batur
883 1503 1063 1594 Plato'
1110 1528 1254 1613 (vid.
1302 1529 1418 1614 Ep.
1464 1528 1600 1607 ΠΙ,
1647 1551 1708 1613 p.
1758 1531 1888 1592 319
1931 1527 2024 1613 o).
2071 1527 2193 1592 sed
2223 1527 2528 1612 quidquid
2559 1529 2675 1612 sig-

655 1648 888 1726 nificat,
922 1656 1090 1734 patet
1122 1647 1237 1712 hoc
1269 1647 1548 1712 additum
1580 1671 1739 1727 esse,
1765 1656 1837 1713 ut
1859 1647 2169 1732 Epistolae
2193 1647 2506 1712 familiaris
2531 1667 2671 1710 con-

656 1752 999 1832 suetudinis
1059 1768 1227 1832 color
1288 1766 1705 1846 induceretur,
1755 1775 1827 1832 ut
1869 1774 2032 1832 recte
2076 1768 2366 1853 opinatur
2417 1766 2632 1831 Astius
2649 1816 2668 1844 ‚

656 1885 813 1950 libro
858 1885 1027 1951 laud.
1074 1875 1135 1970 p.
1187 1887 1335 1962 513.
2008 1965 2018 1972 Ρ

744 2002 920 2084 Quae
950 2011 1153 2070 autem
1186 1982 1468 2088 deinceps
1505 2003 1830 2089 leguntur:
1871 2003 1996 2081 περὶ
2032 2003 2129 2068 τὸν
2153 2003 2386 2068 πάντων
2407 2002 2668 2081 βασιλέα

652 2123 831 2189 πάντ’
873 2123 996 2189 ἐστὶ
1041 2122 1141 2188 καὶ
1188 2123 1396 2188 ἐκείνου
1440 2121 1608 2188 ἕνεκα
1639 2123 1842 2188 πάντα
1857 2171 1875 2206 ,
1920 2121 2018 2187 καὶ
2057 2123 2231 2188 ἐκεῖνο
2274 2121 2451 2186 αἴτιον
2483 2119 2670 2186 ἁπάν-

650 2266 763 2306 των
812 2247 923 2307 τῶν
981 2247 1178 2307 καλῶν
1192 2264 1206 2279 ·
1270 2241 1519 2322 δεύτερον
1578 2241 1636 2306 δὲ
1697 2240 1824 2321 περὶ
1879 2241 1962 2306 τὰ
2023 2240 2290 2320 δεύτεροι,
2337 2241 2436 2305 καὶ
2482 2239 2671 2320 τρίτον

649 2359 774 2438 περὶ
806 2359 889 2424 τὰ
930 2360 1101 2440 τρίτοι
1119 2408 1135 2436 ,
1179 2359 1244 2423 in
1290 2359 1387 2424 his
1436 2359 1658 2424 ultima
1697 2358 1880 2424 verba
1911 2364 2141 2422 attente
2171 2356 2516 2442 legentibus
2546 2357 2668 2435 ita,

648 2477 865 2563 opinor
880 2527 899 2556 ,
960 2477 1316 2562 corrigenda
1376 2477 1768 2555 videbuntur,
1832 2482 2068 2540 mutato
2131 2482 2422 2540 accentu:
2483 2475 2549 2539 τὸ
2609 2475 2669 2566 δὲ

648 2594 898 2675 δεύτερον
943 2595 1065 2675 πέρι
1109 2598 1193 2661 τὰ
1238 2596 1479 2679 δεύτερα
1492 2646 1510 2678 ,
1563 2595 1662 2660 καὶ
1707 2595 1774 2661 τὸ
1813 2596 1997 2675 τρίτον
2027 2593 2150 2674 πέρι
2179 2595 2262 2660 τὰ
2291 2595 2496 2675 τρίτοις
2545 2616 2669 2678 qua

645 2713 879 2777 ratione
925 2713 1073 2778 haec
1117 2715 1489 2778 conveniunt
1532 2737 1674 2778 cum
1724 2736 2074 2800 praegresso
2119 2713 2245 2796 περὶ
2291 2714 2387 2779 τὸν
2432 2713 2667 2782 πάντων

645 2831 907 2910 βασιλέα
982 2833 1113 2917 (qui
1192 2832 1353 2898 idem
1428 2843 1518 2897 est
1590 2842 1774 2916 atque
1828 2833 1894 2898 τὸ
1967 2835 2204 2916 πρῶτον)
2268 2830 2442 2898 πάντ’
2487 2832 2662 2897 ἐστίν.

647 2948 766 3014 Cui
824 2952 1153 3016 mutationi
1200 2951 1575 3036 suffragatur
1617 2951 1658 3014 J
1659 2951 1905 3016 ustinus
1959 2950 2224 3036 Martyr‚
2287 2951 2395 3034 qui
2447 2950 2666 3015 ultima

646 3069 827 3134 verba
882 3076 1123 3134 mutato
1192 3069 1407 3134 ordine
1482 3071 1569 3134 sic
1636 3070 1818 3134 citat:
1888 3069 1971 3134 τὰ
2039 3070 2098 3134 δὲ
2164 3070 2336 3150 τρίται
2403 3069 2527 3150 περὶ
2595 3068 2662 3133 τὸ

644 3188 847 3267 τρίτον.
918 3185 1145 3251 Sensus
1190 3187 1291 3251 hic
1339 3194 1465 3252 est:
1515 3194 1683 3266 „tres
1735 3194 1879 3251 sunt
1924 3187 2366 3272 principiorum
2397 3185 2657 3270 gradus:

645 3305 877 3390 primus
938 3305 1363 3391 complectitur
1422 3313 1644 3370 cuncta
1701 3307 1784 3371 τὰ
1845 3305 2009 3370 καλά
2024 3354 2043 3383 ,
2107 3326 2368 3389 quorum
2412 3302 2564 3369 deus
2610 3327 2658 3368 s.

642 3424 710 3489 τὸ
753 3430 967 3506 πρῶτον
1014 3447 1195 3490 causa
1242 3433 1335 3490 est
1386 3432 1447 3489 et
1490 3425 1892 3512 principium3
1941 3424 2096 3488 alter
2135 3446 2234 3489 res
2279 3422 2533 3489 secundi
2569 3445 2661 3487 or·
2737 3497 2743 3505 ,

646 3542 804 3606 dinis
822 3591 841 3620 ,
889 3565 1151 3627 quarum
1196 3544 1569 3629 principium
1615 3550 1706 3607 est
1749 3543 1817 3608 τὸ
1848 3543 2134 3624 Beda-spon
2181 3541 2400 3606 tertius
2437 3565 2532 3605 res
2568 3543 2660 3606 in-

643 3660 770 3724 fimi
810 3661 1039 3725 ordinis
1052 3710 1071 3739 ,
1120 3683 1380 3745 quarum
1421 3641 1798 3748 principium
1839 3668 1930 3725 est
1959 3661 2026 3726 τὸ
2055 3659 2301 3740 τρίτον.”
2373 3659 2655 3725 Ceterum

644 3778 792 3842 haec
849 3780 917 3844 δι’
961 3781 1245 3858 αἰνιγμῶν
1292 3780 1613 3845 enuntiata
1656 3780 1790 3866 ipsa
1835 3779 2201 3845 obscuritate
2247 3778 2654 3844 celebritatem

643 3904 821 3960 nacta
879 3904 1041 3962 sunt.
1135 3897 1431 3982 Certatim
1490 3899 1658 3963 hunc
1717 3898 1920 3963 locum
1982 3921 2106 3962 una
2161 3920 2300 3961 cum
2347 3898 2536 3962 altero
2582 3920 2656 3962 ex

642 4014 920 4100 Epistola
978 4015 1075 4080 VI
1092 4067 1108 4098 ‚
1173 4039 1355 4101 quem
1415 4039 1558 4081 mox
1620 4016 1897 4095 afferam,
1962 4016 2292 4081 laudarunt
2351 4016 2653 4081 Ecclesiae

645 4133 853 4198 Patres
868 4183 887 4212 ,
934 4133 975 4197 J
975 4135 1231 4199 ustinus
1266 4135 1534 4221 Martyr,
1586 4135 2005 4221 Athenagoras
2021 4185 2040 4214 ,
2075 4134 2356 4199 Clemens
2396 4136 2654 4200 Alexan·

644 4251 885 4330 drinuS,
934 4252 1267 4331 Eusebius,
1317 4253 1614 4340 Cyrinus,
1665 4255 1802 4332 alii,
1853 4257 1959 4338 qui
2005 4255 2120 4318 sub
2165 4255 2258 4318 his
2291 4253 2484 4318 verbis
2515 4255 2654 4319 sub-
