3092 5084
1342 473 1464 533 143

401 674 637 739 dierum
683 678 878 761 spatio
924 677 1179 761 transigi
1221 700 1346 741 non
1393 664 1698 761 potuisse:
1752 679 1978 749 idcirco
2025 679 2235 743 ambae
2280 702 2413 743 1131·-

399 794 663 858 rationes
694 796 853 859 inter
884 818 947 859 se
974 818 1190 880 parum
1224 796 1538 860 concinere
1578 796 1894 875 videntur,
1932 798 2098 881 quod
2123 820 2267 862 sane
2289 820 2411 861 non

400 920 491 976 est
542 913 835 978 indicium
893 914 1162 978 veritatis
1210 924 1271 978 et
1316 914 1475 979 fidei.
1524 915 1619 979 De
1657 916 1791 999 ipso
1829 916 2101 980 Platonis
2141 917 2410 980 discessu

400 1031 782 1115 aliquantum
844 1032 1145 1118 discrepat
1188 1033 1558 1097 Plutarchus
1578 1083 1597 1112 ,
1648 1057 1698 1098 c,
1750 1038 1830 1098 20
1850 1085 1868 1113 ,
1904 1036 2011 1119 qui
2057 1043 2264 1099 narrat
2310 1036 2414 1099 Di-

401 1152 680 1236 onysium
750 1175 994 1237 operam
1055 1152 1294 1217 dedisse
1340 1166 1412 1217 ut
1458 1154 1756 1217 offensum
1811 1153 2084 1217 Platonis
2140 1155 2408 1218 animum

400 1270 733 1335 honoribus
796 1279 857 1335 et
902 1272 1095 1356 epulis
1141 1273 1482 1357 mitigaret,
1532 1295 1656 1355 qua
1702 1274 2014 1337 occasione
2061 1275 2242 1337 etiam
2291 1274 2412 1337 dic-

399 1388 620 1452 terium
668 1388 941 1453 Platonis
988 1412 1171 1475 super
1214 1391 1489 1454 convivio
1535 1398 1848 1455 memorat.
1943 1390 2152 1469 Quum
2185 1392 2412 1477 Diony-

400 1506 527 1570 sius
574 1506 859 1571 dixisset:
907 1507 1087 1585 „Nae
1133 1516 1237 1587 tu,
1286 1508 1499 1587 Plato,
1546 1510 1762 1573 multis
1810 1516 1868 1571 et
1901 1508 2184 1592 gravibus
2217 1510 2411 1572 crimi-

398 1626 749 1689 nationibus
781 1648 891 1689 nos
925 1626 1087 1711 apud
1113 1626 1347 1692 sodales
1371 1636 1512 1692 tuos
1535 1626 1826 1691 lacerabis
1842 1627 1904 1704 3²²
1928 1626 2032 1689 ille
2057 1625 2406 1690 subridens:

398 1743 655 1823 „Absit‚
703 1747 1049 1831 respondit,
1097 1754 1242 1832 opto
1287 1770 1365 1811 ne
1408 1755 1581 1810 tanta
1625 1747 1800 1809 nobis
1824 1746 1906 1809 sit
1936 1768 2281 1809 sermonum
2312 1768 2412 1831 pe-

399 1863 609 1939 nuria,
674 1871 747 1927 ut
798 1865 894 1927 tui
942 1872 1217 1949 oporteat
1261 1864 1668 1929 meminisse.'’
1762 1864 1957 1927 Addit
2001 1863 2405 1941 PlutarchuS,

400 1980 515 2044 hoc
562 2004 702 2046 cum
750 1983 1005 2067 epistola
1050 1990 1259 2047 nostra
1317 2006 1441 2047 non
1487 1984 1664 2069 plane
1703 1983 2050 2046 concinere:
2109 1985 2170 2047 οὐ
2218 1983 2408 2060 μέντοι

400 2100 479 2163 τὰ
541 2102 850 2172 Πλάτωνος
920 2104 1097 2167 αὐτοῦ
1152 2101 1305 2167 πάνυ
1359 2103 1576 2173 τούτοις
1623 2101 1864 2185 ξυνᾴδει.
1957 2099 2127 2165 Idem
2175 2100 2408 2165 dictum

400 2226 693 2282 memorat
763 2218 1042 2284 Laertius
1060 2270 1077 2297 ‚
1148 2220 1252 2283 III
1277 2270 1294 2299 ‚
1365 2224 1444 2283 21
1464 2269 1483 2297 ,
1548 2220 1654 2283 sed
1719 2218 1794 2283 ad
1841 2220 2143 2303 Dionysii
2165 2220 2408 2283 maioris

399 2343 673 2421 tempora
718 2338 928 2415 refert,
992 2337 1153 2421 quod
1215 2345 1417 2401 tamen
1478 2338 1680 2401 minus
1728 2344 1818 2401 est
1871 2336 2203 2421 probabile.
2297 2337 2410 2401 Est

400 2462 603 2517 autem
652 2478 721 2518 ea
763 2478 857 2519 res
905 2456 1072 2540 parvi
1117 2456 1407 2521 momenti
1453 2464 1515 2519 et
1559 2454 1866 2519 sublestae
1913 2454 2073 2518 fidei.

488 2690 747 2774 Reliqua
820 2714 973 2775 quae
1033 2703 1171 2776 post
1230 2691 1505 2755 Platonis
1565 2691 1828 2755 reditum
1899 2712 1930 2753 e
1999 2689 2206 2753 Sicilia
2275 2698 2409 2754 acta

400 2817 545 2873 sunt
588 2809 853 2874 breviter
895 2817 1256 2894 tanguntur.
1344 2810 1558 2873 Redux
1600 2810 1766 2873 venit
1813 2808 2157 2893 Olympiam
2200 2808 2406 2893 ibique

401 2926 653 2991 offendit
698 2928 989 3006 Dionem,
1040 2930 1177 3012 qui,
1227 2928 1453 2992 auditis
1502 2951 1658 3012 quae
1704 2928 2035 3011 Dionysius
2084 2928 2147 2990 111
2195 2949 2256 2989 se
2292 2937 2408 2989 sta-

395 3048 647 3123 tuisset,
680 3047 891 3111 ulcisci
923 3046 1187 3111 decrevit
1220 3047 1567 3130 bellumque
1599 3048 1830 3131 paravit
1848 3095 1868 3125 ‚
1896 3046 2062 3130 qu'od
2087 3046 2400 3129 aliquanto

404 3174 539 3250 post
583 3167 638 3229 ei
682 3166 913 3230 intulit.
1007 3166 1184 3231 Plato
1231 3167 1375 3231 belli
1422 3168 1771 3229 societatem
1819 3165 2065 3243 abnuit,
2115 3188 2406 3229 excusans

400 3292 773 3348 senectutem
848 3292 907 3348 et
984 3285 1233 3369 hospitii
1306 3286 1408 3370 jus
1481 3284 1646 3367 quod
1724 3284 1841 3368 ipsi
1911 3306 2050 3347 cum
2112 3284 2406 3368 Dionysio

397 3402 830 3481 intercederet,
894 3425 1077 3487 seque
1136 3402 1644 3467 reconciliationis
1705 3424 1827 3465 non
1876 3400 2021 3466 belli
2068 3401 2406 3487 adjutorem

402 3521 709 3605 pollicitus
771 3529 862 3585 est
923 3524 1005 3606 (p.
1070 3524 1196 3585 350
1246 3520 1495 3605 B—D).
1569 3520 1668 3583 Ita
1711 3519 1985 3604 Epistola
1996 3546 2014 3598 3
2064 3519 2166 3583 alii
2213 3519 2403 3584 aliter.

400 3637 643 3717 Cicero,
708 3639 783 3703 de
839 3638 1007 3704 Orat.
1073 3638 1211 3716 ΙΠ,
1270 3642 1391 3702 34:
1462 3637 1665 3717 „Quis
1710 3638 1970 3701 Dionem
2019 3636 2406 3721 Syracusium

399 3757 680 3821 omnibus
726 3757 1017 3822 doctrinis
1064 3757 1395 3842 expolivit?
1426 3780 1550 3820 non
1583 3756 1804 3820 Plato?
1837 3757 2043 3839 Atque
2075 3780 2213 3821 eum
2245 3757 2405 3820 idem

399 3876 502 3939 ille
561 3898 685 3939 non
746 3876 991 3961 linguae
1050 3876 1247 3940 solum
1265 3926 1284 3954 ‚
1332 3898 1540 3939 verum
1588 3875 1770 3939 etiam
1816 3874 2003 3937 animi
2049 3896 2117 3939 ac
2164 3876 2407 3939 virtutis

401 3996 687 4079 magister
746 3996 819 4059 ad
883 3993 1261 4060 liberandum
1316 3994 1574 4079 patriam
1619 3992 1901 4077 impulit,
1949 3992 2270 4071 instruxit,
2320 4016 2408 4057 ar‘

400 4112 646 4177 mavit.”
735 4112 1029 4175 Aelianus
1040 4161 1058 4190 ,
1107 4110 1251 4175 Var.
1300 4111 1443 4175 hist.
1491 4109 1630 4187 HI,
1662 4112 1775 4175 17:
1821 4113 2074 4174 Πλάτων
2113 4112 2170 4173 δὲ
2205 4111 2404 4191 ὁἈρί-

402 4255 605 4303 cre-moe,-
662 4232 856 4295 Δίωνα
900 4232 1249 4307 κατήγαγεν
1293 4230 1370 4301 εἷς
1416 4230 1726 4305 Σικελίαν,
1773 4227 1870 4292 καὶ
1916 4227 1984 4291 δι’
2027 4224 2099 4291 ὧν
2143 4227 2408 4307 ξυνεβού-
