3092 5084
1378 447 1496 530 39*

411 675 561 740 tinis
623 675 939 740 discordiis
1000 675 1293 752 lacerata,
1356 673 1819 738 imminentibus
1881 673 2163 736 hostibus
2178 723 2197 750 ,
2252 674 2317 736 in
2364 679 2437 738 re'

412 789 656 880 trepida
692 817 800 880 per
828 793 1034 858 literas
1067 793 1298 856 adeunt
1326 791 1647 856 Platonem
1678 792 2004 856 consilium
2036 799 2099 856 et
2128 792 2427 856 auxilium

407 920 714 998 rogantes,
808 911 1048 976 Horum
1108 911 1412 996 rogationi
1470 910 1577 974 ille
1637 910 1750 974 hac
1810 910 2069 995 epistola
2114 911 2426 974 satisfacit.

407 1031 583 1109 Iam,
633 1030 783 1114 quid
815 1029 1180 1115 respondet?
1227 1028 1302 1092 Se
1334 1035 1574 1113 praesto
1606 1028 1729 1091 illis
1762 1029 1924 1108 fore,
1974 1029 2026 1091 si
2058 1029 2268 1092 eodem
2301 1029 2427 1092 sint

408 1151 615 1214 animo
663 1171 785 1232 quo
829 1148 951 1211 Dio
998 1148 1213 1212 fuisset
1221 1174 1240 1224 3
1287 1153 1422 1210 tum
1468 1153 1671 1212 autem
1716 1147 1901 1231 longa
1938 1147 2211 1212 oratione
2244 1169 2423 1212 suum
2484 1163 2494 1186 '¹

405 1269 604 1354 ipsius
650 1268 812 1332 vitae
840 1264 1195 1331 institutum
1213 1316 1231 1345 ,
1273 1266 1636 1330 sententiam
1669 1265 1745 1328 de
1773 1266 2123 1351 republica,
2170 1266 2429 1330 necessi-

407 1373 691 1450 tudinem
738 1409 878 1450 cum
923 1363 1124 1449 Dione
1170 1392 1230 1449 et
1275 1384 1573 1468 Dionysio
1588 1434 1607 1461 ,
1657 1390 1912 1448 conatus
1961 1385 2037 1448 ad
2077 1384 2423 1448 liberandos

405 1505 818 1594 Syracusanos
865 1511 1105 1568 enarrat
1117 1531 1136 1582 3
1173 1479 1348 1568 *haec
1410 1504 1616 1567 omnia
1658 1504 1950 1568 nimirum
1997 1503 2093 1568 διὰ
2136 1507 2240 1578 τὴν
2284 1507 2423 1570 αἰτο-

403 1628 550 1691 m'oev
609 1626 707 1690 καὶ
761 1624 1014 1701 ἀλογίαν
1059 1630 1169 1689 τῶν
1201 1623 1542 1705 ,λεγρμένων
1562 1675 1578 1696 ‚
1628 1630 1699 1686 ut
1745 1623 1929 1688 falsos
1975 1623 2071 1688 his
2118 1625 2194 1688 de
2238 1625 2419 1688 rebus

399 1766 678 1807 rumores
725 1750 788 1807 et
831 1743 1146 1828 opiniones
1190 1741 1550 1826 redarguat;
1600 1741 1790 1824 quod-
1812 1748 2018 1805 autem
2063 1743 2419 1827 primarium

402 1868 537 1924 erat
575 1861 870 1938 officium,
914 1867 986 1925 ut
1017 1859 1340 1924 consilium
1371 1858 1542 1924 daret
1572 1859 1951 1944 petentibus„
1997 1860 2063 1923 id
2096 1861 2417 1944 epistolae,

399 1987 530 2044 tam
578 1980 796 2065 longae
840 1985 909 2043 ut
947 1980 1102 2064 justi
1147 1987 1338 2063 'paene
1381 1977 1523 2042 libri
1568 1979 1819 2042 modum
1848 1979 2131 2064 impleat,
2176 1979 2416 2044 duabus

401 2082 646 2183 paginis
679 2098 1014 2164 absolvitur
1044 2099 1127 2182 (p.
1163 2099 1290 2160 336
1324 2095 1590 2162 0—337
1627 2097 1722 2181 E).
1771 2095 1942 2176 Quid
1974 2097 2089 2160 hoc
2122 2097 2294 2160 aliud
2324 2105 2418 2162 est

399 2217 527 2280 nisi
571 2217 956 2280 consulentes
1003 2213 1292 2279 eludere?
1338 2213 1554 2294 Quid?
1598 2237 1802 2279 nonne
1840 2214 2059 2279 Dionis
2090 2215 2417 2280 familiares

397 2335 466 2398 in
515 2335 786 2419 rogando
833 2335 1084 2402 consilio
1129 2331 1248 2420 ipsi
1286 2331 1417 2419 jam
1458 2333 1936 2411 declaraverant,
1985 2341 2057 2397 ut
2086 2333 2263 2398 initio
2296 2335 2420 2420 epi·-

400 2453 599 2517 stolae
643 2454 887 2538 legitur,
936 2475 1000 2517 se
1045 2453 1266 2517 habere
1309 2454 1414 2527 τὴν
1459 2454 1641 2527 αὐτὴν
1686 2452 1932 2516 &maim
1970 2448 2033 2528 ἣν
2064 2449 2194 2533 εἶχε
2218 2452 2416 2518 Alc-m?

495 2571 615 2636 Sed
656 2572 862 2656 palam
907 2577 998 2636 est
1041 2577 1235 2635 totam
1281 2593 1526 2638 causam
1570 2571 1774 2634 fictam
1828 2593 1975 2636 esse.
2069 2569 2233 2635 Nam
2280 2573 2417 2660 quis

401 2691 615 2755 credat
672 2690 890 2754 Dionis
953 2691 1146 2754 socios
1207 2690 1272 2753 in
1333 2713 1399 2753 re
1463 2695 1725 2774 angusta
1738 2738 1757 2767 ,
1820 2689 1929 2753 ubi
1972 2697 2209 2774 promte
2256 2691 2416 2755 facto

400 2810 612 2895 potius
659 2831 843 2892 quam
886 2817 1122 2873 mature
1162 2808 1442 2872 consulto
1475 2829 1631 2892 opus
1664 2815 1793 2871 erat
1808 2856 1827 2887 ,
1875 2831 2119 2872 vocasse
2152 2809 2416 2873 amicum
2449 2860 2458 2869 .

399 2928 744 2992 multorum
824 2927 1060 2992 dierum
1139 2927 1356 2990 itinere
1421 2948 1468 2994 ‚a
1543 2948 1607 2990 se
1644 2969 1649 2973 -
1681 2932 2018 3004 remotum,
2106 2927 2414 2991 hominem

400 3031 935 3142 septuagenarium
953 3096 972 3123 ,
1021 3044 1084 3109 in
1131 3045 1346 3108 umbra
1393 3044 1754 3108 Academiae
1785 3044 2139 3130 degentem,
2188 3053 2259 3109 ut
2288 3069 2415 3110 non

400 3165 604 3229 solum
641 3165 831 3244 λόγῳ,
882 3165 987 3228 sed
1033 3163 1178 3244 ἔργῳ
1221 3163 1404 3228 vellet
1447 3163 1597 3248 ipsis
1628 3163 1943 3228 κοινωνεῖνΡ
1989 3172 2130 3243 aut,
2165 3165 2217 3228 si
2246 3165 2415 3229 fecis-

399 3292 571 3362 sent,
618 3283 936 3348 Platonem
981 3283 1057 3346 iis
1101 3283 1478 3368 rescripsisse
1515 3283 1700 3346 talem
1731 3283 2053 3367 epistolam
2085 3307 2241 3368 quae
2272 3306 2411 3348 con-

400 3403 672 3467 sulentes
717 3402 999 3488 fatigaret
1044 3401 1249 3488 potius
1297 3423 1480 3484 quam
1527 3400 1788 3464 doceret.

490 3521 820 3601 Quodnam
888 3521 969 3583 sit
1028 3542 1238 3583 verum
1284 3519 1576 3604 epistolae
1621 3519 1997 3603 propositum
2020 3569 2037 3597 ,
2098 3543 2415 3604 argumen-

397 3649 535 3704 tum
594 3639 761 3702 haud
821 3639 1077 3702 obscure
1134 3637 1384 3702 indicat.
1479 3637 1536 3700 A
1596 3637 1897 3722 principio
1963 3639 2039 3702 ad
2100 3640 2284 3704 finem
2343 3640 2409 3703 id

403 3759 639 3842 agitur,
703 3764 776 3822 ut
835 3756 1225 3833 ostendatur,
1288 3754 1486 3839 qualis
1548 3755 1734 3818 fuerit
1792 3755 2069 3820 Platonis
2130 3757 2275 3821 inde
2337 3759 2412 3822 ab

403 3877 808 3941 adolescentia
853 3875 929 3939 de
973 3875 1288 3960 republica
1348 3875 1651 3938 sententia
1694 3882 1756 3939 et
1801 3875 2083 3966 voluntas
2100 3925 2119 3954 ,
2181 3883 2243 3939 et
2288 3899 2412 3961 quo

403 3994 658 4060 consilio
717 3994 933 4072 semel,
990 3995 1242 4072 iterum,
1305 3993 1549 4087 terti0,.
1582 3993 1696 4058 etsi
1759 3993 2004 4078 grandis
2066 3977 2218 4058 natu
2234 4045 2253 4073 ,
2310 3994 2413 4080 Sy-

402 4135 646 4177 racusas
706 4113 1013 4198 profectus
1084 4113 1202 4176 sit:
1281 4112 1569 4176 nimirum
1640 4119 1711 4176 ut
1777 4135 1902 4177 una
1968 4136 2108 4177 cum
2174 4111 2375 4178 Dione
2390 4163 2408 4192 ‚

405 4233 677 4318 egregiae
720 4232 944 4297 indolis
991 4231 1401 4310 adolescente,
1449 4238 1771 4296 conaretur
1815 4232 2183 4321 Dionysium
2210 4239 2411 4322 tyran-

1617 4420 1662 4443 ,ae
1692 4413 1701 4418 .

1491 4444 1724 4593 fasti*
1767 4463 1783 4492 ’Ῑ
1836 4449 2141 4551 Lv‘xss'sp‘p

1490 4596 1526 4656 1,
1565 4499 2227 4687 itfxixf'hsiiffl'rrss

1500 4660 1631 4778 Ὦς
1656 4683 1737 4782 <⁴3¹
1750 4667 1873 4791 11ἕῖ
1887 4695 2102 4791 1111110,
2118 4690 2200 4756 ss
