3092 5084
1577 454 1720 521 '126

644 690 885 733 scenam
946 667 1247 753 producta
1304 675 1412 730 est.
1482 668 1858 745 Ἀρίστυλλος
1904 666 2194 731 nimirum
2234 666 2496 734 ,ridicule
2549 666 2666 729 fac-

642 794 777 852 tum
824 810 897 851 ex
942 790 1315 868 Ἀριστοκλῆς
1364 787 1459 869 (ut
1506 808 1578 849 ex
1632 788 1924 864 Ἡρακλῆς
1967 786 2310 868 Ἥρυλλος),
2361 784 2527 870 quod
2563 808 2666 848 no-

641 929 782 969 men
814 906 1060 969 Platoni
1088 904 1227 970 fuit.
1262 906 1305 988 ¹)
1352 904 1392 966 J
1394 927 1491 967 am
1526 903 1980 969 Ecclesiazusae
2013 903 2210 967 editae
2243 911 2388 967 sunt
2410 904 2664 967 ineunte

642 1024 741 1088 Ol.
810 1027 889 1089 97
952 1024 1044 1087 vel
1091 1047 1215 1087 non
1262 1024 1459 1087 multo
1506 1029 1676 1107 post,
1726 1045 1798 1085 ex
1846 1045 1968 1106 quo
2017 1022 2340 1101 efficiatur,
2388 1021 2664 1086 Platonis

642 1144 950 1209 Πολιτείαν
996 1143 1180 1227 paulo
1214 1152 1353 1207 ante
1386 1142 1499 1206 hoe
1531 1149 1773 1227 tempus
1807 1142 2039 1231 editam
2065 1166 2230 1220 esse,
2266 1165 2455 1225 quum
2485 1140 2666 1204 Plato

642 1272 801 1325 esset
831 1284 1022 1346 paene
1056 1261 1578 1345 quadragenarius
1595 1310 1614 1339 ,
1662 1262 1874 1345 paucis
1922 1270 2061 1328 ante
2108 1262 2283 1325 annis
2316 1284 2498 1345 quam
2547 1262 2664 1323 iter

641 1382 706 1445 in
753 1380 997 1451 Italiam
1046 1382 1332 1465 suscepit.
1360 1382 1409 1465 2)

730 1500 907 1580 Quae
954 1508 1167 1563 contra
1210 1500 1653 1563 Stallbaumius
1702 1500 1978 1584 disputat
2022 1501 2088 1562 in
2134 1499 2372 1583 Proleg.
2401 1499 2476 1563 ad
2505 1498 2660 1562 Plat.

638 1618 713 1681 de
767 1618 917 1703 Rep.
969 1642 1029 1703 p.
1079 1617 1295 1681 LXIX
1314 1669 1329 1695 ,
1381 1618 1459 1680 ad
1506 1618 1986 1701 redarguendam
2023 1618 2496 1701 Morgensternii
2535 1640 2667 1680 sen-

640 1737 925 1815 tentiam,
964 1760 1031 1801 ea
1063 1737 1279 1801 merito
1311 1760 1435 1800 non
1468 1736 1892 1800 satisfecerunt
1916 1736 2225 1799 Meinekio
2253 1743 2312 1799 et
2337 1736 2661 1799 SiickoviO.

639 1856 965 1941 Leguntur
1002 1855 1261 1939 quidem
1306 1856 1371 1919 in
1412 1855 1732 1919 Platonica
1763 1855 2006 1919 civitate
2039 1879 2195 1940 quae
2226 1865 2366 1940 post
2395 1856 2665 1919 reditum

642 1975 771 2038 eius
804 1998 877 2037 ex
916 1974 1198 2057 Dionysii
1243 1973 1384 2037 aula
1423 1975 1649 2058 scripta
1688 1975 2006 2053 videntur,
2053 1983 2125 2038 ut
2162 1974 2362 2059 imago
2389 1976 2665 2059 tyranni,

641 2094 869 2158 mentio
918 2092 993 2155 de
1040 2092 1341 2169 Ismenia,
1391 2092 1800 2177 Pythagorica
1845 2093 2142 2176 quaedam
2175 2092 2569 2177 (Stallbaum,
2605 2117 2664 2177 p.

641 2210 875 2295 LXV),
926 2211 1033 2275 sed
1079 2211 1239 2274 nihil
1279 2210 1519 2275 eredere
1551 2234 1663 2275 nos
1696 2220 1894 2290 vetat,
1934 2212 2250 2277 Platonem
2285 2236 2438 2297 opus
2470 2211 2666 2290 illud,

640 2338 964 2414 postquam
1013 2329 1240 2408 edidit,
1291 2337 1654 2393 retractasse
1702 2339 1763 2394 et
1809 2330 2206 2415 amplificasse
2222 2358 2240 2408 3
2290 2332 2412 2393 imo
2459 2354 2530 2393 eo
2556 2354 2666 2394 nos

640 2447 813 2511 ducit
852 2446 1149 2511 disertum
1193 2448 1476 2531 Dionysii
1525 2448 2080 2513 Halicarnassensis
2124 2450 2579 2526 testimonium,
2615 2450 2666 2532 3)

644 2568 747 2651 qui
812 2575 1047 2643 narrat,
1111 2567 1430 2631 Platonem
1484 2567 1562 2630 ad
1618 2591 1918 2633 summam
1964 2590 2158 2651 usque
2207 2576 2581 2632 senectutem
2631 2590 2666 2630 a

639 2685 925 2761 limandis
973 2692 1033 2747 et
1079 2684 1455 2768 expoliendis
1498 2686 1783 2769 operibus
1807 2690 1810 2695 ’
1832 2708 1956 2750 non
1999 2686 2335 2764 destitisse,
2371 2693 2432 2749 et
2463 2688 2665 2770 ipsum

639 2802 793 2865 illud
854 2825 1009 2886 opus
1070 2802 1146 2865 de
1208 2825 1329 2885 quo
1385 2803 1697 2886 loquimur
1757 2805 1942 2867 etiam
1998 2812 2266 2867 extremo
2314 2805 2475 2867 vitae
2521 2812 2668 2866 tem-

644 2944 789 3005 pore
835 2922 901 2983 in
944 2922 1230 2985 manibus
1278 2922 1588 2987 habuisse.
1641 2974 1644 2979 .
1689 2921 1858 2985 Illud
1904 2928 2064 2985 certe
2119 2929 2338 2985 notatu
2371 2921 2664 3005 dignum,

642 3062 797 3123 quae
859 3041 923 3103 iu
987 3041 1098 3103 hac
1166 3031 1425 3125 epistola
1476 3041 1553 3103 de
1606 3041 1884 3105 Platonis
1932 3042 2235 3104 sententia
2283 3040 2534 3125 politica
2581 3040 2668 3103 di-

715 3392 764 3453 1)
801 3392 1049 3449 Meineke,
1083 3392 1271 3456 Fragm.
1306 3394 1445 3442 Com.
1480 3393 1519 3441 Ι.
1556 3410 1602 3457 p.
1638 3394 1750 3442 388.
1786 3394 1855 3441 II.
1889 3409 1935 3457 p.
1976 3393 2120 3442 1162.
2166 3394 2348 3457 Bergk,
2385 3393 2490 3442 Rel.
2525 3392 2663 3443 Com.

649 3490 752 3535 Att.
788 3503 835 3550 p.
870 3488 985 3545 404,
1020 3492 1148 3536 nota.

714 3584 763 3642 2)
800 3582 967 3631 Eidem
1002 3582 1213 3647 opinioni
1250 3582 1485 3631 calculum
1522 3582 1753 3645 adjiciunt
1787 3584 2146 3642 TchorzeWski,
2179 3585 2236 3633 de
2261 3584 2387 3633 Plat.
2405 3584 2598 3633 Timaeo
2617 3589 2666 3632 et

646 3676 768 3725 crit.
804 3678 986 3736 Kazan,
1024 3678 1149 3729 1847
1170 3716 1183 3735 ,
1218 3684 1267 3725 et
1301 3679 1527 3737 Siiekow,
1563 3679 1685 3727 libro
1724 3679 1850 3728 laud.
1887 3696 1934 3742 p.
1970 3680 2030 3727 41
2051 3695 2153 3743 sqq.
2189 3679 2298 3727 vid.
2319 3680 2456 3727 etiam
2483 3678 2666 3727 Ueber-

648 3789 783 3836 weg„
808 3773 980 3821 Echth.
1018 3790 1063 3823 u.
1098 3774 1235 3823 Zeitf.
1260 3774 1305 3822 d.
1337 3774 1460 3823 Plat.
1493 3774 1627 3823 Schr.
1667 3775 1820 3833 1861,
1845 3790 1893 3839 1).
1922 3775 2012 3823 121
2035 3791 2104 3838 sq.
2141 3775 2490 3823 Ecclesiazusae
2513 3774 2668 3823 editae

645 3869 903 3919 seeundum
950 3869 1076 3917 Sam.
1121 3869 1333 3917 Potitum
1372 3870 1449 3917 Ol.
1484 3870 1574 3928 96,
1613 3874 1668 3927 43
1702 3870 1956 3919 seeundum
1995 3870 2286 3919 Palmarium
2322 3870 2447 3919 eirca
2482 3869 2558 3917 Ol.
2584 3868 2665 3927 97,

644 3980 751 4011 cum
790 3978 881 4027 quo
918 3965 1033 4011 facit
1066 3965 1500 4028 Morgensternius;
1536 3966 1794 4013 secundum
1830 3964 2160 4013 Tchorzewski
2195 3965 2270 4013 01.
2307 3964 2386 4020 97,
2424 3965 2468 4013 3.

710 4059 757 4119 3)
798 4060 844 4105 [ΙΙ
882 4060 1044 4107 libello
1085 4066 1201 4130 Περὶ
1236 4066 1404 4111 συνθέσ.
1443 4078 1489 4123 p.
1528 4060 1639 4108 209.
1706 4060 1758 4112 ‘0
1799 4063 1846 4111 δὲ
1881 4064 2213 4119 Πλάτων’τούς
2245 4064 2406 4111 ἑαυτοῦ
2440 4061 2666 4123 διαλόγους

646 4156 849 4215 κτενίζων
879 4158 953 4205 καὶ
984 4158 1301 4221 βοστρυχίζων
1336 4159 1413 4205 ’καὶ
1447 4160 1595 4206 πάντα
1625 4162 1794 4223 τρόπον
1823 4160 2081 4205 ἀναπλέκων
2114 4160 2162 4205 οὐ
2195 4146 2386 4205 &omae
2401 4155 2666 4219 ὀγδοήκοντα

644 4252 827 4310 γεγονὼς
865 4253 945 4305 ἔτη
978 4252 1074 4299 κτλ.
