3092 5084
1384 463 1509 524 201

868 519 947 540 -

445 673 540 737 lis.
612 673 943 738 Ferebatur
988 670 1269 756 Lynceus
1318 677 1489 734 tanta
1534 668 1800 733 valuisse
1853 665 2169 731 oculorum
2218 664 2343 728 acie
2388 670 2462 730 ut

446 791 540 856 διὰ
570 792 725 872 δρυὸς
755 789 909 872 ὁρῴη.
970 789 1087 854 Sed
1118 789 1431 874 Lynceum
1476 787 1664 852 fuisse
1690 786 1861 850 velut
1887 786 2149 850 alterum
2175 782 2464 848 Aescula-

446 910 617 996 pium
632 959 651 988 ‚
694 911 1129 992 ὀφθαλμίας-ρον
1147 957 1165 992 ,
1215 909 1330 972 hoc
1346 958 1364 985 ,
1413 907 1632 992 opinor
1649 955 1668 984 ‚
1719 897 1972 970 eruditis
2013 891 2143 969 erat
2163 903 2461 989 ignotum.

1374 1147 1409 1231 θ
1452 1147 1513 1209 2.
1578 1179 1594 1189 2

899 1385 993 1447 De
1038 1405 1255 1446 aroana
1302 1381 1574 1446 Platonis
1606 1380 2004 1464 philosophia.

534 1618 792 1684 Miretur
837 1619 1003 1702 quis,
1053 1619 1161 1703 qui
1204 1619 1334 1682 fieri
1378 1617 1652 1702 potuerit
1697 1624 1769 1681 ut
1801 1618 2058 1702 scriptor
2087 1616 2154 1682 in
2184 1615 2462 1682 Platonis

444 1738 703 1803 lectione
730 1745 853 1802 tam
880 1744 1171 1816 versatae„
1208 1737 1449 1822 qualem
1479 1745 1686 1801 noster
1719 1759 1780 1800 se
1805 1735 2103 1813 ostendit,
2129 1735 2194 1799 in
2216 1733 2462 1798 rationi-

445 1857 561 1922 bus
623 1856 753 1920 eius
814 1856 1187 1941 explicandis
1247 1856 1335 1920 ita
1380 1855 1801 1932 halucinetur-,
1851 1863 1924 1918 ut
1938 1903 1958 1933 ‚
2021 1877 2177 1938 quae
2211 1854 2302 1918 ab
2349 1852 2456 1916 illo

447 1974 715 2040 dilucide
776 1985 923 2040 sunt
984 1975 1290 2060 exposita,
1353 1980 1658 2058 pervertat
1716 1973 1896 2058 plane
1965 1979 2027 2037 et
2089 1977 2496 2055 corrumpat„
2596 2041 2600 2045 ,

445 2095 862 2160 Tribuendum
922 2095 1039 2158 hoc
1100 2101 1249 2179 puto
1312 2094 1533 2178 partim
1599 2093 1908 2177 scriptoris
1971 2093 2245 2156 inscitiae
2261 2141 2280 2169 ,
2353 2090 2459 2175 qui

444 2215 637 2300 magis
694 2213 876 2279 verba
936 2221 999 2277 et
1056 2213 1281 2298 figuras
1344 2235 1527 2297 quam
1587 2219 1854 2277 mentem
1915 2219 1977 2276 et
2021 2212 2286 2314 cogitata
2329 2209 2460 2296 phi-

444 2333 685 2419 losophi
752 2333 1091 2398 attenderet
1109 2383 1128 2411 ,
1201 2332 1420 2419 partim
1490 2355 1631 2396 vero
1694 2333 1878 2398 etiam
1937 2332 2126 2397 falsae
2184 2331 2460 2417 opinioni

446 2475 599 2537 quae
649 2453 819 2518 illius
860 2453 1157 2539 judicium
1210 2425 1514 2538 pervertit.
1611 2451 1955 2518 obtrudere
1999 2452 2289 2516 nimirum
2328 2451 2462 2515 Pla-

445 2572 579 2636 toni
655 2571 897 2636 studuit
966 2571 1327 2658 sapientiam
1392 2571 1696 2655 quandam
1764 2593 2046 2635 arcanam
2062 2619 2080 2648 ‚
2136 2569 2456 2634 verborum

448 2690 1005 2774 sententiarumque
1064 2690 1237 2775 quasi
1284 2689 1448 2754 nube
1492 2690 1832 2754 involutam
1849 2739 1866 2767 ‚
1916 2697 2208 2772 tanquam
2253 2687 2461 2751 celsio·

447 2831 572 2872 rem
618 2816 679 2872 et
709 2807 1063 2873 diviniorem
1112 2831 1296 2892 quam
1342 2830 1499 2893 quae
1542 2808 1608 2872 in
1633 2806 1854 2892 vulgus
1880 2807 2074 2871 efferri
2097 2814 2204 2871 aut
2233 2805 2458 2890 scripto

448 2927 721 2991 mandari
760 2937 979 3011 posset.
1044 2927 1317 3012 Apparet
1361 2928 1477 2991 hoc
1525 2949 1599 2991 ex
1645 2933 1912 2992 extrema
1957 2925 2140 2991 huius
2187 2925 2460 3010 disputa-

448 3046 634 3110 tionis
679 3054 885 3131 parte,
936 3045 1013 3110 ad
1058 3068 1244 3131 quam
1288 3069 1455 3110 nunc
1501 3045 1864 3147 accedimus,

538 3280 869 3364 Postquam
915 3281 1071 3344 dixit
1115 3282 1433 3346 scientiam
1478 3305 1515 3345 a
1560 3283 1803 3346 nemine
1849 3282 2076 3366 percipi
2123 3303 2296 3366 posse
2340 3280 2460 3344 nisi

450 3400 558 3484 qui
619 3399 699 3463 sit
760 3400 999 3464 veritati
1046 3407 1337 3484 cognatus
1385 3400 1462 3464 ad
1508 3423 1762 3484 eamque
1805 3409 2024 3465 natura
2069 3408 2246 3485 aptus
2293 3399 2460 3484 (ξυγ-

450 3519 645 3601 γενής)
659 3566 678 3592 ,
729 3525 789 3581 et
833 3517 1146 3582 veritatem
1192 3540 1315 3583 non
1362 3519 1481 3582 nisi
1526 3519 1689 3594 μετα
1733 3519 1935 3597 τριβῆς
1963 3527 2186 3593 πολλῆς
2201 3569 2220 3592 ,
2254 3517 2460 3582 multi-

450 3635 595 3720 plici
641 3635 1051 3720 disputatione
1069 3685 1086 3713 ‚
1133 3636 1566 3722 interrogando
1612 3646 1672 3701 et
1702 3636 2153 3722 respondendo,
2201 3637 2459 3700 inveniri

450 3775 626 3838 posse
642 3803 658 3829 ,
723 3753 1005 3839 deinceps
1072 3754 1149 3818 ad
1195 3755 1351 3819 illud
1398 3753 1556 3818 redit
1610 3755 1774 3838 quod
1815 3757 1940 3841 jam
1985 3757 2046 3820 in
2097 3756 2458 3841 praegressis

448 3871 643 3937 obiter
689 3873 953 3936 dixerat:
1001 3873 1305 3938 neminem
1352 3875 1686 3958 sapientem
1730 3875 1858 3938 fore
1900 3874 2007 3958 qui
2038 3875 2302 3959 cogitata
2332 3874 2462 3939 lite·

448 4013 649 4055 rarum
710 3993 872 4057 notis
933 3993 1219 4084 mandare
1280 3994 1530 4059 audeat:
1596 3999 1718 4059 νοῦν
1763 3994 1916 4074 ἔχων
1961 3993 2137 4065 οὐδεὶς
2183 3994 2460 4070 τολμήσει

450 4111 579 4173 ποτ’
620 4110 701 4181 εἰς
746 4109 889 4175 αὐτὸ
934 4111 1141 4176 τιθέναι
1187 4113 1267 4176 τὰ
1312 4112 1618 4190 νενοημένα
1659 4113 1758 4177 ὑπ’
1789 4115 1966 4178 αὐτοῦ
1978 4161 1995 4194 ,
2045 4112 2147 4176 καὶ
2176 4113 2348 4176 ταῦτ’
2379 4112 2458 4182 εἰς

448 4228 871 4303 ἀμετακίνητον
886 4278 903 4311 ,
953 4226 980 4294 ὃ
1026 4229 1091 4304 δὴ
1130 4228 1359 4311 πάσχει
1395 4231 1477 4296 τὰ
1514 4230 1914 4311 γεγραμμένα
1948 4230 2147 4301 τύποις
2174 4280 2188 4295 .
2238 4251 2298 4316 p.
2328 4231 2454 4294 343
