3092 5084
1654 519 1741 580 34

685 725 1019 810 potuisset,
1067 723 1274 788 faciles
1321 746 1496 788 aures
1541 723 1828 809 praebuit
1874 721 2351 788 assentatoribus
2367 771 2385 801 ,
2436 744 2699 807 quorum

683 842 1093 908 delationibus
1161 843 1393 906 factum
1460 866 1623 922 esse,
1681 851 1753 907 ut
1824 843 1945 906 Dio
2000 866 2033 906 e
2087 843 2283 928 patria
2334 841 2697 926 pelleretur,

684 962 862 1025 Plato
906 961 1120 1026 multis
1160 960 1454 1025 molestiis
1488 961 1748 1026 afflictus
1780 985 1845 1026 re
1878 962 2102 1025 infecta
2134 960 2367 1025 abierit.
2416 961 2501 1024 At
2534 960 2700 1024 brevi

685 1079 1053 1164 Dionysium
1096 1080 1396 1143 factorum
1442 1080 1767 1164 poenituit.
1839 1080 1958 1144 Dio
2005 1080 2167 1143 enim
2214 1051 2402 1164 copiis
2450 1101 2483 1142 e
2528 1078 2699 1141 Pelo-

681 1220 952 1284 ponneso
1014 1197 1296 1262 adductis
1342 1198 1521 1263 illum
1571 1221 1892 1283 aggressus
1950 1196 2045 1262 bis
2091 1198 2372 1262 liberavit
2415 1198 2695 1282 patriam.
2734 1173 2738 1177 ²

680 1315 798 1380 Sed
845 1315 1063 1380 Dionis
1108 1314 1402 1381 beneficio
1446 1316 1736 1402 indignos
1778 1341 1840 1382 se
1871 1317 2284 1402 praebuerunt
2314 1315 2693 1400 Syracusani.

679 1433 855 1515 Quae
901 1434 1121 1498 deinde
1167 1441 1377 1499 secuta
1407 1442 1554 1498 sunt
1572 1485 1590 1513 ,
1641 1435 1820 1520 plane
1850 1435 2237 1517 δημηγορικῶς
2270 1441 2693 1519 exponuntur:

676 1548 783 1619 οἷον
844 1555 962 1635 γαρ
1021 1553 1263 1632 γέγονεν
1277 1604 1297 1632 ,
1360 1556 1605 1619 οἰκοῦσαι
1663 1555 1780 1635 χρὴ
1837 1554 1969 1626 τοὺς
2028 1555 2133 1633 ἐμὲ
2202 1559 2693 1636 παρακαλοῦντας

677 1674 813 1755 πρὸς
858 1673 940 1739 τοὶ
977 1679 1074 1739 νῦν
1113 1673 1453 1755 πράγματα
1491 1675 1575 1758 (Ρ.
1611 1675 1737 1737 333
1765 1672 1866 1758 G),
1901 1681 1961 1737 et
1991 1673 2202 1737 eodem
2231 1680 2441 1738 tenore
2473 1679 2690 1737 cetera.

676 1792 905 1857 Narrat
963 1792 1226 1856 Dionem
1283 1815 1318 1856 a
1379 1791 1622 1856 duobus
1668 1792 1990 1870 fratribuS,
2039 1792 2325 1876 profectis
2372 1814 2511 1855 cum
2558 1791 2691 1875 ipso

677 1910 939 1974 Athenis·
984 1910 1061 1974 ad
1091 1910 1438 1976 liberandos
1472 1910 1882 1996 Syracusanos
1898 1962 1918 1990 ,
1956 1911 2328 1975 trucidatum
2360 1933 2507 1974 esse.
2572 1908 2691 1972 Ne-

674 2029 895 2094 farium
940 2031 1057 2093 hoc
1105 2029 1302 2093 scelus
1318 2079 1336 2107 ,
1392 2030 1696 2114 flagitiosa
1739 2030 2031 2094 iuvenum
2077 2029 2544 2093 Atheniensium
2590 2028 2690 2092 ad-

673 2171 879 2214 versus
933 2149 1196 2213 amicum
1237 2148 1514 2235 perfidia,
1564 2149 2047 2234 indignationem
2092 2155 2295 2213 movet
2342 2148 2650 2233 scriptoris
2670 2197 2688 2225 ,

674 2268 811 2351 qui,
858 2266 982 2331 tale
1011 2266 1248 2330 facinus
1278 2290 1356 2330 ne
1387 2268 1669 2331 univerSo
1700 2267 2171 2331 Atheniensium
2204 2267 2435 2352 populo
2466 2266 2688 2350 probro

674 2393 975 2463 vertatur,
1011 2385 1221 2471 objicit
1259 2408 1322 2449 se
1366 2408 1612 2470 quoque
1654 2408 1782 2449 esse
1818 2386 2008 2450 civem
2034 2385 2494 2449 Atheniensem:
2528 2385 2687 2468 φημὶ

673 2506 792 2588 γὰρ
835 2507 1090 2571 κάκεῖνον
1132 2505 1426 2581 Ἀθηναῖον
1470 2502 1612 2571 εἶναι
1648 2503 1708 2578 ὃς
1754 2507 1816 2570 οὕ
1864 2504 2148 2585 προῦδωκε
2194 2505 2292 2570 τὸν
2336 2504 2509 2569 αὐτὸν
2553 2509 2680 2570 τοῦ·

669 2648 764 2689 τον
811 2625 1082 2708 (Δίωνα),
1129 2623 1264 2700 ἐξὸν,
1293 2625 1590 2705 χρήματα
1635 2625 1733 2690 καὶ
1780 2621 1978 2696 ἄλλας
2026 2623 2207 2701 τιμὰς
2253 2625 2483 2696 πολλὰς
2522 2638 2681 2700 λαμ-

668 2742 892 2821 βάνειν,
942 2766 1000 2828 p.
1052 2744 1181 2805 334
1227 2741 1300 2806 Β.
1348 2741 1506 2806 'Pum
1562 2741 1858 2821 ostendit,
1908 2742 2218 2826 quodnam
2248 2742 2329 2805 sit
2359 2741 2683 2806 discrimen

669 2861 828 2924 inter
864 2860 968 2936 τὴν
1006 2860 1303 2940 ἐλευθέρας
1347 2859 1613 2934 παιδείας
1647 2861 1955 2938 κοινωνίαν,
1990 2861 2051 2925 h.
2078 2883 2129 2925 e.
2164 2860 2491 2925 amicitiam
2524 2881 2682 2924 com-

668 2979 842 3042 muni
885 2977 1306 3063 philosophiae
1338 2979 1514 3042 cultu
1545 2979 1871 3043 conflatam
1885 3029 1905 3057 ,
1954 2985 2137 3064 atque
2168 2979 2480 3064 vulgarem
2511 2979 2681 3042 illam

667 3104 731 3160 et
773 3095 1071 3174 βάναυσον
1114 3095 1432 3178 φιλότητα.

756 3213 1069 3295 Quorsum
1113 3214 1262 3278 haec
1309 3214 1556 3279 omnia?
1586 3215 1663 3278 Id
1694 3238 1771 3280 ne
1802 3216 1939 3301 quis
1974 3222 2257 3300 quaerat,
2293 3216 2465 3280 addit
2494 3217 2681 3302 scrip·

663 3337 794 3410 tor,
844 3357 903 3417 p.
954 3335 1085 3397 334
1132 3331 1216 3396 C:
1263 3336 1438 3399 ταῦτ’
1483 3332 1699 3413 εἴρηται
1745 3333 1951 3400 πάντα
1993 3343 2099 3410 τῆς
2144 3333 2483 3412 ξυμβουλῆς
2507 3335 2675 3400 ἕνεκα

662 3455 774 3514 τῶν
836 3453 1112 3516 Διωνείων
1177 3452 1367 3532 φίλων
1427 3453 1525 3516 καὶ
1589 3451 1907 3531 ξυγγενῶν.
1991 3451 2229 3516 Deinde
2290 3453 2505 3517 suadet
2565 3453 2675 3531 iis,

663 3569 830 3653 quod
893 3561 1054 3633 idem
1095 3571 1222 3655 jam
1269 3570 1503 3656 pridem
1551 3570 1883 3656 Dionysi0,
1932 3579 2067 3635 tum
2111 3571 2301 3636 Dioni
2348 3572 2671 3650 suasisset,

659 3689 744 3762 μὴ
804 3689 1160 3753 δουλοῦσθαι.
1208 3690 1484 3754 Σικελίαν
1533 3690 1633 3754 ὑπ’
1678 3690 1976 3770 ἀνθρώποις
2022 3689 2409 3762 δεσπόταις..
2437 3742 2489 3756 ..
2536 3691 2677 3756 ἀλλ’

660 3806 770 3870 ὑπὸ
840 3806 1054 3889 νόμοις,
1120 3829 1198 3872 ne
1258 3806 1467 3872 Sicilia
1526 3808 1886 3892 subjiciatur
1930 3807 2249 3873 hominum
2299 3807 2674 3887 dominatui,

661 3923 768 3987 sed
815 3923 1042 4009 legum.
1105 3925 1303 4005 Haec,
1352 3926 1590 4011 inquit,
1641 3926 1869 3990 ibidem
1917 3927 2009 4004 D,
2057 3933 2256 3992 ταῦτα
2301 3934 2516 4011 πρῶτον
2568 3931 2674 4004 μέν

659 4043 857 4107 Δίωνα
912 4046 1028 4121 ἐγὼ
1087 4046 1444 4126 ἐπεχείρησα
1497 4047 1705 4110 πείθειν
1729 4095 1742 4118 ,
1788 4047 2041 4126 δεύτερον
2087 4046 2146 4110 δὲ
2191 4046 2475 4113 Διονύσιον
2493 4098 2507 4124 ,
2557 4049 2673 4130 τρί-

658 4184 787 4233 τους
827 4162 887 4225 δὲ
919 4162 1074 4240 ὑμᾶς
1106 4169 1201 4228 νῦν
1223 4185 1238 4200 ·
1286 4165 1391 4228 καί
1433 4187 1529 4242 μοι
1576 4163 1832 4229 πείθεσθε
1879 4163 2015 4235 Διὸς
2060 4163 2249 4242 τρίτου
2280 4175 2525 4245 σωτῆρος
2547 4167 2671 4247 χα-

657 4301 769 4360 ριν,
818 4275 949 4344 εἶτα
986 4281 1064 4352 εἷς
1112 4281 1399 4346 Διονύσιον
1443 4280 1785 4358 βλέψαντες
1832 4281 1929 4344 καὶ
1980 4281 2203 4361 Δίωνα,
2252 4279 2324 4346 ὧν
2370 4286 2397 4348 ὅ
2446 4285 2553 4363 μὲν
2582 4289 2667 4363 μὴ
