3092 5084
1384 493 1506 554 169

444 703 651 766 statim
704 708 813 764 aut
860 700 1023 763 brevi
1057 705 1195 782 post
1223 697 1493 762 reditum
1524 719 1562 760 a
1591 697 1785 782 primo
1817 696 2030 760 itinere
2062 696 2126 758 in
2159 695 2444 759 Siciliam.

444 819 612 884 Haec
670 841 811 882 vero
862 814 1156 881 eiusmodi
1202 837 1339 880 esse·
1375 821 1448 879 ut
1492 814 1801 879 conciliari
1846 820 2182 899 nequeant,
2232 821 2448 898 sponte

444 944 630 1023 patet.
718 935 761 1000 J
763 959 859 1000 am
921 935 996 998 de
1043 934 1299 1020 singulis
1346 933 1666 999 itineribus
1713 933 2069 1020 singulatim
2115 931 2446 998 videamus·

532 1173 690 1238 Iter
732 1173 1113 1258 Megaram.
1160 1171 1365 1237 Huius
1394 1171 1628 1237 itineris
1659 1171 1966 1256 Diogenes
1980 1221 1999 1250 ,
2026 1177 2450 1257 praeterquam

444 1291 578 1355 loco
624 1314 807 1378 supra
849 1291 1097 1355 laudato
1112 1339 1132 1369 ,
1186 1292 1409 1356 iterum
1431 1291 1801 1355 mentionem
1831 1290 1977 1354 facit
2007 1290 2073 1354 in
2102 1288 2226 1353 vita
2249 1288 2456 1353 Eucli-

446 1409 540 1474 dis
555 1460 574 1489 ,
628 1409 734 1488 II,
790 1410 824 1494 ᾧ
890 1411 1047 1472 106:
1104 1409 1239 1490 πρὸς
1283 1409 1483 1475 τοῦτόν
1530 1407 1897 1494 (Euclidem)
1958 1414 2135 1490 φησιν
2179 1409 2208 1473 ὃ
2252 1408 2451 1488 Ἑρμο·

446 1529 606 1608 &apog
650 1528 959 1609 ἀφικέσθαι
1004 1527 1301 1592 Πλάτωνα
1346 1527 1444 1592 καὶ
1480 1529 1614 1600 τοὺς
1644 1526 1872 1599 λσίπους
1903 1525 2259 1610 φιλοσόφους
2291 1525 2450 1602 μετὰ

445 1647 549 1721 τὴν
593 1645 931 1726 Σωκρατους
968 1645 1275 1728 τελευτὴν,
1317 1644 1623 1718 δείσαντας
1658 1646 1760 1720 τὴν
1799 1643 2076 1720 ὠμότητα
2106 1650 2216 1710 τῶν
2253 1642 2452 1724 τυραν-

446 1789 567 1830 νων.
660 1763 829 1828 Haec
874 1763 1003 1827 sola
1047 1771 1192 1828 sunt
1236 1763 1608 1842 testimonia,
1661 1785 1816 1847 quae
1863 1762 1939 1827 de
1983 1761 2328 1846 Megarensi
2357 1761 2452 1826 iti-

446 1906 588 1948 nere
634 1890 904 1962 exstent3
950 1906 1092 1947 nam
1140 1905 1295 1966 quae
1339 1882 1662 1968 Menagius
1701 1883 1932 1948 confert
1969 1881 2216 1947 Libanii
2256 1889 2316 1946 et
2356 1882 2447 1946 Io,

450 2001 902 2088 Ohrysostomi‚
954 2025 1026 2066 ex
1072 2001 1281 2066 eodem
1313 2009 1471 2066 certe
1502 2003 1671 2066 fonte
1701 2010 1846 2067 sunt
1876 2002 2178 2080 derivata,
2196 2008 2270 2066 ut
2293 2000 2453 2088 judi-

448 2128 546 2185 cat
606 2121 995 2186 Her-mannus
1060 2120 1237 2204 (Plat.
1285 2119 1445 2184 Phil.
1493 2143 1570 2205 p.·
1608 2123 1768 2198 106,
1817 2127 1946 2185 not.
1997 2123 2123 2206 82).
2216 2120 2454 2186 Auctor

445 2239 805 2304 narrationis
852 2262 887 2302 a
931 2239 1203 2324 Diogene
1248 2239 1474 2304 citatur
1526 2234 1943 2306 Hermodorus
1960 2289 1978 2318 ‚
2025 2241 2130 2304 ille
2161 2240 2448 2304 nimirum

442 2353 631 2442 ‘quem
683 2357 955 2422 Platonis
1002 2357 1371 2443 discipulum
1415 2358 1602 2422 fuisse
1649 2359 2006 2443 accepimus,
2080 2356 2253 2421 Num
2286 2357 2452 2422 locu-

448 2477 765 2562 pletiorem
824 2483 1043 2540 testem
1100 2475 1523 2560 requiramus?
1613 2478 1902 2541 Attamen
1956 2476 2104 2541 fides
2151 2477 2280 2540 eius
2326 2499 2450 2540 non

447 2619 659 2682 parum
702 2596 1007 2661 debilitari
1045 2597 1287 2661 videtur
1332 2596 1554 2661 additis
1585 2597 1814 2662 verbis:
1849 2597 2153 2670 δείσαντας
2183 2599 2286 2673 τὴν
2309 2597 2453 2676 ὠμό-

442 2739 601 2790 τητα
645 2721 755 2780 τῶν
800 2715 1096 2795 τυράννων.
1190 2714 1346 2797 Quis
1394 2717 1554 2780 enim
1584 2717 1809 2794 nescit,
1843 2715 2150 2781 Socratem
2179 2739 2304 2782 non
2333 2716 2449 2783 sub

445 2833 629 2898 XXX
670 2842 1065 2919 tyrannorum
1105 2835 1456 2913 dominatu,
1503 2836 1609 2898 sed
1643 2841 1906 2920 quatuor
1937 2836 2108 2900 annis
2141 2843 2279 2922 post
2309 2835 2450 2900 illos

446 2952 727 3036 expulsos
798 2952 1150 3018 damnatum
1212 2952 1385 3017 esse?
1450 2953 1515 3016 Si
1560 2953 1925 3018 Hermodori
1955 2961 2126 3018 tanta
2154 2955 2274 3018 fuit
2303 2962 2452 3019 tem-

442 3077 659 3156 ‘porum
706 3072 1081 3156 ignorantia,
1127 3096 1205 3137 ne
1250 3074 1556 3157 reliquum
1589 3075 1836 3159 quidem
1867 3075 1998 3139 eius
2029 3075 2446 3140 testimonium

445 3190 647 3274 magni
700 3190 983 3275 ponderis
1043 3198 1243 3277 potest
1310 3192 1538 3257 haberi.
1631 3193 1962 3277 Ueberweg
2019 3193 2106 3277 (ll.
2171 3217 2230 3281 p.
2300 3194 2449 3278 118)

446 3307 865 3372 difficultatem
930 3310 1017 3373 ita
1076 3310 1288 3375 tollere
1353 3321 1640 3389 conatur,
1703 3311 1908 3376 dicens
1925 3362 1944 3390 ,
1999 3310 2450 3376 Hermodorum

440 3427 720 3506 τυράννων
768 3428 1174 3513 appellatione
1216 3431 1583 3514 significasse
1620 3454 1743 3495 non
1773 3433 1903 3502 τοὺς
1929 3430 2234 3508 τριάκοντα
2253 3430 2451 3512 τυραν-

441 3569 561 3618 vove
578 3594 597 3623 ,
631 3547 856 3632 quippe
896 3547 1002 3631 qui
1038 3554 1248 3631 postea
1278 3549 1523 3613 demum
1553 3549 1670 3620 hoc
1701 3549 1944 3613 nomine
1975 3549 2255 3634 insigniti
2287 3549 2447 3626 sint,

442 3664 548 3728 sed
572 3664 956 3749 demagogOS‚
992 3666 1351 3731 crudelitate
1384 3675 1443 3730 et
1473 3669 1747 3751 potentia
1776 3675 2171 3752 tyrannorum
2203 3669 2447 3732 similes,

442 3783 527 3847 At
587 3784 690 3846 isti
750 3806 1088 3868 numquam
1149 3785 1402 3867 τύραννοι
1466 3787 1665 3850 vocati
1711 3797 1886 3865 sunt,
1943 3787 2200 3871 triginta
2245 3795 2451 3851 autem

442 3901 555 3963 viri
608 3902 736 3985 jam
796 3902 868 3966 ab
917 3902 1244 3967 Aristotele
1288 3906 1337 3969 οἱ
1382 3905 1689 3986 τριάκοντα
1733 3905 1983 3986 τύραννοι
2030 3905 2448 3991 appellantur,

441 4019 619 4084 Rhet.
667 4020 736 4085 Π
752 4070 770 4098 ,
820 4025 879 4084 4.
930 4021 1148 4106 Itaque
1194 4023 1305 4087 tali
1352 4025 1846 4108 interpretatione
1882 4024 2248 4089 Hermodori
2284 4024 2450 4087 testi-

441 4139 716 4204 monium
767 4163 981 4224 parum
1021 4143 1292 4225 juvatur.
1366 4143 1498 4229 Ego
1539 4167 1680 4208 vero
1727 4144 2087 4230 persuadere
2133 4144 2286 4208 mihi
2325 4166 2450 4208 non

443 4280 685 4346 possum
703 4309 722 4338 ,
755 4259 954 4338 hunc,
1002 4261 1054 4324 si
1098 4261 1243 4340 fuit,
1295 4270 1366 4327 ut
1410 4263 1701 4341 habetur,
1739 4264 2011 4329 Platonis
2044 4263 2347 4350 aequalis»,
2379 4263 2445 4328 in
