3092 5084
1604 455 1641 513 6

709 659 929 723 Paucis
999 682 1136 723 vero
1206 659 1378 723 annis
1446 667 1587 744 post
1642 658 1868 743 prodiit
1910 658 2064 723 liber
2110 644 2305 738 Astii,
2352 657 2591 723 Platon’
2594 683 2623 722 s

621 777 828 841 Leben
873 777 1002 841 und
1048 776 1350 840 Schriften
1395 778 1651 861 (1816),
1699 778 1761 840 in
1809 799 1932 860 quo
1978 778 2211 841 sincera
2252 785 2313 841 et
2343 800 2625 862 germana

622 897 895 961 Platonis
958 897 1182 979 scripta
1241 918 1277 958 a
1336 895 1772 959 commenticiis
1836 902 1896 959 et
1955 895 2121 959 falsis
2180 918 2485 960 secernere
2538 896 2625 960 in-

623 1005 856 1078 stituit.
937 1014 1056 1078 Hie
1102 1010 1409 1099 Epistolas
1457 1036 1663 1077 omnes
1710 1014 1947 1098 spurias
1986 1014 2285 1100 judicavit
2298 1041 2318 1093 3
2381 1021 2622 1080 tantum

623 1132 829 1196 abesse
892 1131 1102 1195 docuit
1161 1139 1259 1210 ut·
1291 1133 1387 1196 vel
1446 1132 1721 1196 Platonis
1782 1133 2097 1216 ingenium
2155 1144 2217 1197 et
2260 1133 2620 1198 sententiam

621 1251 884 1315 referant
927 1250 1023 1313 vel
1067 1273 1276 1314 verum
1321 1273 1522 1314 rerum
1570 1257 1875 1332 auctorem
1926 1257 1987 1314 et
2016 1259 2234 1316 testem
2266 1253 2618 1330 ostendant,

623 1376 694 1432 ut
754 1369 957 1465 potius
1004 1369 1079 1432 ab
1125 1369 1256 1454 ejus
1301 1375 1504 1433 mente
1520 1419 1538 1446 ,
1588 1369 1922 1448 sententia,
1970 1369 2239 1434 dictione
2284 1371 2617 1455 plurimum

623 1489 852 1552 distent
866 1538 884 1566 ,
949 1494 1081 1552 tum
1141 1487 1353 1552 multis
1413 1487 1689 1573 partibus
1734 1488 2085 1552 contineant
2128 1489 2269 1552 ficta
2288 1538 2305 1567 ‚
2352 1488 2587 1552 insulsa
2602 1539 2619 1568 ‚

621 1609 860 1691 inepta:
921 1627 1077 1690 quae
1135 1606 1358 1690 passim
1421 1605 1711 1691 exemplis
1774 1612 1835 1670 et
1867 1607 2264 1690 'argumentis
2322 1607 2623 1672 declarare

622 1725 910 1789 instituit.
1001 1723 1206 1809 Hujus
1252 1725 1407 1789 liber
1449 1732 1694 1789 tantum
1724 1725 1942 1789 habuit
1972 1725 2296 1803 momenti,
2332 1733 2403 1788 ut
2444 1725 2519 1800 ab
2552 1748 2622 1789 eo

621 1845 764 1908 inde
809 1852 1078 1928 tempore
1123 1866 1343 1928 magna
1387 1845 1546 1909 facta
1592 1844 1672 1909 sit
1716 1845 2074 1929 opinionum
2110 1839 2390 1908 m'utati0.
2439 1843 2623 1908 Pleri-

625 1984 743 2045 que
802 1961 1044 2025 Platoni
1105 1960 1410 2044 Epistulas
1467 1962 1814 2047 abjudicare
1858 1968 2216 2046 coeperunt,
2264 1984 2374 2026 nec
2422 1968 2621 2027 tamen

624 2102 862 2144 omnem
929 2079 1003 2142 iis
1070 2085 1372 2163 negarunt
1436 2079 1618 2144 fidem
1633 2129 1651 2158 ‚
1715 2079 1821 2143 sed
1865 2073 2102 2164 partem
2144 2101 2351 2144 earum
2398 2080 2451 2142 si
2496 2103 2620 2144 non

624 2197 697 2261 ab
757 2197 890 2282 ipso
951 2196 1207 2261 Platone
1221 2247 1240 2275 ‚
1303 2203 1464 2261 certe
1525 2197 1599 2261 ab
1647 2198 1851 2282 aliquo
1898 2199 2027 2283 ejus
2073 2198 2460 2263 familiarium
2478 2247 2498 2278 ‚
2540 2207 2619 2293 ‘ut

623 2316 960 2400 Speusippo
977 2365 996 2394 ,
1044 2316 1446 2402 conscriptam
1491 2323 1807 2401 putarunt.
1877 2316 1955 2380 In
2000 2315 2115 2380 hac
2162 2317 2463 2382 sententia
2502 2319 2623 2382 fuit

623 2433 955 2511 Socherus=‚
1017 2433 1220 2497 Ueber
1263 2431 1515 2497 Platons
1562 2432 1863 2498 Schriften
1909 2434 2151 2518 (1820),
2200 2458 2258 2519 p.
2319 2437 2446 2500 376
2488 2457 2618 2521 sqq.

624 2553 731 2636 qui
790 2551 1096 2636 Epistolas
1153 2552 1231 2616 ad
1273 2552 1638 2636 Dionysium
1654 2602 1673 2630 ‚
1737 2552 1814 2615 ad
1870 2553 2129 2617 Dionem
2177 2561 2238 2617 et
2282 2553 2359 2616 ad
2403 2555 2620 2621 Dionis

623 2670 981 2747 familiareS‚
1029 2669 1091 2732 h.
1142 2693 1192 2733 e.
1242 2667 1477 2749 I-IV,
1525 2669 1687 2748 VII,
1738 2669 1933 2749 VIII,
1968 2669 2133 2734 XHI
2149 2720 2168 2749 ,
2201 2671 2474 2737 Platonis
2506 2673 2624 2737 dis—

623 2788 968 2871 cipulorum
1013 2787 1194 2851 alicui
1239 2787 1490 2865 tribuit,
1538 2797 1765 2852 ceteras
1812 2788 2061 2852 seriores
2108 2788 2295 2854 ducit.
2365 2789 2443 2854 In
2489 2814 2622 2855 ean-

623 2906 762 2970 dem
806 2906 1162 2970 sententiam
1211 2905 1360 2970 abiit
1417 2905 1703 2970 Salomon
1719 2955 1738 2984 ,
1784 2906 1879 2970 De
1937 2905 2177 2971 Platon.
2227 2930 2381 2990 quae
2433 2909 2619 2994 vulgo

623 3024 904 3087 feruntur
932 3021 1090 3108 Epp.
1122 3023 1187 3086 in
1225 3022 1596 3108 Programm.
1637 3023 1858 3108 Gymn.
1892 3023 2090 3088 Berol.
2129 3027 2317 3089 1835.
2351 3049 2410 3110 p.
2441 3029 2542 3090 16.
2573 3029 2622 3111 1)

711 3140 752 3204 J
754 3164 850 3205 am
925 3163 996 3204 eo
1065 3148 1315 3205 ventum
1395 3148 1524 3205 erat
1598 3149 1671 3205 ut
1737 3142 2029 3227 epistolae
2095 3142 2236 3207 illae
2306 3143 2621 3208 subtiliore

623 3258 858 3333 trutina
917 3259 1289 3324 examinatae
1348 3259 1414 3324 in
1467 3260 1686 3324 classes
1746 3259 2039 3344 quasdam
2108 3260 2616 3326 distribuerentur

625 3377 1026 3463 praestantiae
1055 3376 1279 3460 gradu
1345 3384 1430 3452 et,
1465 3383 1767 3442 vetustate
1827 3377 2114 3462 dispares.
2208 3376 2395 3458 Quod
2455 3401 2621 3464 prae-

624 3502 806 3559 eunte
867 3494 1128 3558 Sochero
1189 3495 1384 3559 facere
1443 3495 1845 3560 instituerunt
1906 3495 2193 3561 Salomon
2242 3496 2309 3559 in
2353 3495 2623 3582 disputa-

621 3614 790 3678 tione
848 3613 1029 3677 modo
1074 3613 1323 3678 laudata
1375 3621 1436 3678 et
1481 3614 1866 3679 Hermannus
1910 3615 1975 3679 in
2020 3637 2233 3700 opere:
2283 3614 2503 3680 Gesch.
2550 3639 2612 3680 u.

625 3730 784 3815 Syst.
861 3730 990 3796 der,
1041 3730 1279 3795 Platon.
1344 3731 1496 3816 phil.
1543 3755 1603 3816 p.
1653 3735 1781 3795 423
1830 3754 1919 3815 sq.
1968 3733 2038 3815 2).
2110 3731 2336 3796 Cuncti
2382 3733 2448 3796 in
2510 3733 2626 3832 hoc
2688 3758 2691 3762 ⁴

692 3928 739 3983 1)
774 3927 850 3976 Cf.
885 3943 1082 3976 censura
1125 3927 1268 3991 hujus
1313 3927 1661 3977 dissertationis
1693 3927 1744 3976 in
1778 3927 1906 3977 Berl.
1938 3927 2105 3978 Jahrb.
2143 3929 2298 3988 1835,
2334 3930 2402 3978 II.
2437 3947 2485 3994 p.
2518 3930 2617 3979 452

623 4037 692 4084 sq.
745 4037 886 4084 quam
935 4021 1125 4086 scripsit
1171 4021 1449 4081 Boumann3
1492 4026 1541 4071 et
1574 4022 1627 4070 in
1662 4022 1866 4073 Zeitsch.
1900 4022 1935 4071 f.
1968 4023 2175 4074 Alterth.
2207 4023 2348 4074 Wiss.
2385 4023 2537 4084 1837,
2573 4042 2623 4090 p.

622 4114 748 4172 274,
783 4118 974 4164 anctore
1009 4116 1298 4167 Hermanno.

687 4210 736 4281 2)
770 4211 896 4266 Ante
929 4211 1016 4263 hos
1059 4213 1253 4268 eandem
1285 4213 1607 4286 quaest-ionem
1644 4211 1871 4269 tractavit
1902 4212 2155 4281 Wiegand,
2186 4213 2308 4279 Epp.
2340 4229 2457 4279 quae
2490 4213 2617 4272 Plat,
