3092 5084
1654 509 1693 568 2

754 714 1064 799 Epistolae
1123 715 1236 777 hae
1297 720 1366 780 ut
1427 714 1690 799 primum
1745 715 1813 779 in
1857 714 2040 778 Italia
2085 715 2366 800 vulgatae
2412 723 2559 781 sunt
2604 724 2665 780 et

665 833 730 896 in
793 833 1170 896 eruditorum
1230 833 1514 896 notitiam
1573 834 1839 918 perlatae
1855 883 1874 912 ,
1936 834 2198 899 maxima
2245 834 2528 923 :omnium
2574 837 2673 900 ad-

664 953 983 1016 miratione
1029 958 1173 1016 sunt
1219 958 1519 1037 exceptae.
1613 952 1861 1017 Ficinus
1876 1003 1895 1032 ,
1943 952 2313 1019 Laurentius
2359 955 2672 1018 Mediceus

665 1093 997 1154 eorumque
1055 1070 1378 1134 familiares
1433 1077 1562 1134 tam
1619 1071 1939 1135 verborum
1995 1080 2056 1134 et
2117 1073 2407 1136 orationis
2453 1081 2671 1136 ornatu

663 1211 742 1272 qu
751 1211 846 1252 am
901 1189 1221 1272 praeclaris
1266 1189 1583 1252 sententiis
1629 1195 1811 1272 atque
1864 1189 2057 1252 effatis
2105 1212 2355 1253 arcanae
2402 1189 2663 1272 quadam

663 1307 991 1392 sapientiae
1046 1307 1242 1391 specie
1288 1307 1583 1371 involutis
1601 1356 1619 1385 ,
1669 1307 1893 1391 quibus
1941 1308 2052 1370 hae
2099 1308 2387 1392 epistolae
2433 1309 2665 1386 nitent,

660 1425 747 1488 ita
803 1425 966 1509 capti
1011 1431 1187 1502 sunt,
1241 1432 1308 1488 ut
1354 1425 1785 1510 pulcerrimum
1833 1448 1931 1489 eas
1978 1425 2268 1489 haberent
2316 1425 2663 1490 excellentis

636 1544 892 1627 ingenii
957 1551 1018 1606 et
1072 1543 1430 1628 sapientiae,
1464 1566 1653 1629 prope
1714 1543 1953 1607 divinae
1999 1567 2185 1628 opuS,
2234 1544 2398 1609 unde
2453 1545 2529 1607 ad
2584 1546 2667 1608 vi-

660 1668 784 1726 tam
840 1662 1148 1745 publicam
1209 1669 1270 1726 et
1326 1663 1717 1742 domesticam
1732 1712 1751 1740 ‚
1818 1662 1895 1726 ad
1940 1663 2252 1726 scientiam
2297 1686 2497 1727 rerum
2542 1671 2666 1726 tam

660 1780 1002 1843 divinarum
1079 1802 1261 1863 quam
1331 1780 1733 1844 humanarum
1802 1780 2180 1844 saluberrimi
2249 1781 2483 1844 fructus
2531 1782 2665 1864 capi

660 1906 924 1982 possent.
959 1899 1004 1982 ¹)

749 2019 1032 2080 Attamen
1084 2018 1209 2102 jam
1255 2016 1414 2080 inter
1461 2022 1686 2080 veteres
1732 2017 2152 2100 grammaticos
2195 2016 2383 2079 fuisse
2429 2015 2536 2099 qui
2585 2038 2657 2078 ex

658 2136 1049 2222 epistolarum
1093 2135 1337 2199 illarum
1383 2158 1638 2200 numero
1684 2158 1868 2199 unam
1900 2136 2267 2219 alteramque
2298 2135 2627 2198 eximerent
2641 2185 2658 2212 ,

658 2262 906 2339 apparet
965 2277 1036 2317 ex
1091 2253 1536 2337 antiquioribus
1585 2254 1893 2318 codicibus
1909 2303 1928 2331 ‚
1985 2255 2093 2337 qui
2137 2253 2447 2338 Epistolae
2494 2253 2660 2316 XIII

658 2372 1012 2436 adscribunt
1070 2369 1385 2450 νοθεύεται,
1449 2394 1702 2456 eamque
1764 2373 1967 2436 omisit
2011 2373 2075 2436 in
2120 2373 2393 2436 versione
2438 2371 2660 2460 Latina

656 2491 922 2555 FicinuS.
956 2491 1096 2554 Duo
1129 2498 1329 2555 autem
1352 2491 1619 2570 codiceS,
1650 2489 2138 2555 Vindobonensis
2172 2499 2231 2554 et
2255 2491 2659 2569 MatritensiS,

636 2611 837 2674 'etiam
878 2609 1189 2694 Epistolae
1221 2607 1350 2673 XII
1383 2609 1795 2695 subscriptum
1826 2609 2054 2673 habent
2090 2609 2465 2688 ἀντιλέγεται
2495 2612 2567 2681 ὥς
2598 2613 2660 2686 οὐ

656 2727 994 2798 moia-mog.
1011 2729 1057 2811 2)
1104 2727 1306 2806 Quam
1351 2735 1559 2792 notam
1604 2750 1728 2792 non
1770 2727 1946 2791 video
1977 2750 2087 2791 cur
2116 2728 2260 2791 item
2292 2727 2369 2791 ad
2400 2727 2658 2812 priorem
2760 2782 2769 2790 .

571 2858 578 2866 '
654 2847 822 2911 illam
839 2895 857 2924 ,
891 2846 1056 2910 XIII
1086 2845 1222 2910 dico
1233 2896 1253 2925 ,
1286 2847 1762 2911 transferendam
1792 2854 2077 2931 putemus
2092 2896 2110 2924 ‚
2136 2854 2209 2910 ut
2231 2847 2406 2909 Astio
2432 2845 2662 2929 placuit

655 2965 903 3049 (Plato’s
949 2965 1096 3029 Leb.
1143 2988 1205 3029 11.
1254 2965 1423 3030 Schr.
1471 2989 1530 3050 p.
1584 2968 1705 3032 527
1754 2968 1941 3050 not.):
1990 2965 2138 3029 haec
2184 2965 2345 3030 enim
2400 2964 2657 3049 epistola

653 3085 741 3147 ita
801 3091 1145 3169 comparata
1189 3091 1313 3162 est,
1361 3091 1434 3148 ut
1477 3107 1656 3148 nemo
1704 3085 1811 3168 qui
1857 3083 2025 3148 illam
2070 3092 2317 3167 respuat
2372 3083 2514 3146 huic
2558 3106 2659 3167 pa-

653 3202 939 3266 trocinari
983 3209 1186 3286 queat.
1265 3201 1552 3267 Ceterum
1598 3202 1673 3267 ab
1712 3203 1831 3266 isto
1871 3201 2013 3267 inde
2044 3208 2313 3287 tempore
2356 3223 2549 3285 usque
2581 3201 2657 3265 ad

654 3321 922 3385 medium
947 3322 1256 3385 saeculum
1287 3321 1534 3399 XVIII,
1561 3321 1873 3406 Epistolae
1896 3344 2020 3385 uno
2045 3321 2316 3385 omnium
2340 3321 2656 3385 doctorum

653 3461 951 3504 consensu
981 3463 1090 3524 pro
1122 3440 1422 3524 germanis
1453 3439 1728 3505 Platonis
1761 3440 2045 3526 operibus
2077 3447 2223 3505 sunt
2254 3439 2528 3518 habitae,
2563 3462 2657 3503 ex-

653 3565 828 3642 cepta
872 3555 1072 3635 XIII,
1114 3580 1299 3642 quam
1344 3557 1843 3623 Aldobrandinus
1891 3557 1991 3642 (ad
2037 3557 2217 3642 Diog.
2265 3557 2468 3621 Laert.
2518 3556 2652 3635 III,
2692 3581 2695 3584 ’

655 3677 760 3759 61)
821 3683 882 3739 et
942 3675 1272 3740 Cudworth
1335 3665 1514 3761 (Syst.
1575 3676 1863 3741 intellect.
1911 3673 2039 3754 IV,
2089 3677 2196 3761 23)
2242 3674 2466 3759 aliique
2511 3697 2656 3739 non-

715 3919 765 3979 1)
799 3917 906 3967 vid.
951 3933 993 3967 e.
1027 3935 1074 3983 g.
1117 3917 1310 3968 F‘icinus
1343 3918 1393 3966 in
1427 3922 1591 3968 annot.
1624 3919 1681 3967 ad
1714 3918 1871 3982 Epist.
1907 3920 1981 3977 ΙΙ,
2019 3918 2070 3968 in
2104 3935 2195 3982 qua
2230 3915 2519 3981 „mysteria”
2562 3917 2651 3965 sibi

649 4011 882 4062 invenisse
929 4012 1174 4061 videbatur
1217 4028 1367 4077 „quae
1400 4013 1574 4062 mirum
1609 4012 1659 4062 in
1692 4013 1887 4062 modum
1922 4016 2171 4077 praecepta
2204 4012 2487 4076 Euangeliou
2523 4027 2651 4060 com-

683 4105 904 4156 robant.''

647 4123 680 4172 P
712 4203 764 4264 2)
797 4202 906 4251 vid.
942 4203 1272 4251 Westermann
1290 4239 1304 4260 ‚
1338 4202 1410 4251 De
1443 4201 1730 4267 Epistologr.
1766 4203 1850 4251 Gr.
1888 4203 2001 4251 Pars
2036 4202 2233 4266 septima
2266 4202 2319 4250 in
2340 4202 2505 4266 Progr.
2524 4202 2651 4265 Lips.

649 4298 807 4356 1854,
841 4312 981 4362 quem
1017 4297 1184 4346 ducem
1217 4297 1271 4346 in
1302 4297 1377 4346 his
1414 4313 1601 4361 sequor.
