3092 5084
1680 469 1757 530 18

701 685 822 754 tur,
857 699 960 752 ea,
997 685 1064 739 ut
1098 675 1293 739 verbis
1325 683 1464 739 utar
1495 675 1890 740 Tiedemanni
1910 725 1927 753 ,
1961 675 2082 754 „de
2107 675 2409 740 industria
2434 677 2717 740 videntur

697 803 867 856 tanta
911 793 1235 857 verborum
1281 793 1654 857 obscuritate
1687 816 1817 858 esse
1848 794 2157 872 involuta,
2196 803 2266 858 ut
2299 796 2398 860 vix
2442 794 2717 878 Oedipus

701 935 907 975 verum
948 913 1258 995 scriptoris
1312 935 1555 976 sensum
1603 911 1745 975 inde
1793 913 1985 996 possit
2030 912 2305 976 elicere.”
2338 915 2379 996 ¹)
2573 993 2577 998 .

791 1032 874 1092 At
935 1037 1078 1093 sunt
1141 1031 1284 1094 item
1331 1031 1396 1094 in
1443 1030 1721 1114 Epistola
1767 1029 1837 1093 II
1886 1053 2039 1114 quae
2073 1054 2108 1094 a
2138 1030 2266 1094 VII
2298 1029 2465 1094 haud
2498 1053 2713 1114 parum

697 1147 1060 1232 discrepant.
1154 1147 1425 1232 Scriptor
1484 1171 1677 1231 quum
1734 1148 1797 1210 id
1857 1150 2115 1212 maxime
2175 1149 2469 1234 Dionysio
2548 1171 2715 1233 prae-

697 1267 894 1350 cipere
961 1266 1141 1344 velit,
1203 1274 1321 1338 πῶς
1365 1267 1468 1330 δεῖ
1507 1267 1644 1345 πρὸς
1690 1268 1980 1342 ἀλλήλους
2038 1271 2197 1344 ἡμᾶς
2244 1271 2399 1347 ἔχειν
2448 1269 2529 1350 (p.
2581 1269 2707 1328 310

699 1385 790 1461 D,
849 1387 974 1446 312
1031 1384 1118 1460 B,
1186 1387 1312 1447 313
1369 1383 1475 1468 G),
1536 1384 1805 1447 ostendit
1874 1384 2058 1448 talem
2110 1407 2239 1450 esse
2300 1385 2509 1447 decere
2555 1384 2713 1466 ipso-

697 1526 833 1566 rum
879 1503 1416 1581 consuetudinem,
1465 1505 1623 1568 nihil
1674 1512 1739 1567 ut
1782 1505 1848 1567 in
1895 1527 1964 1567 ea
2007 1503 2573 1588 reprehendendum
2608 1502 2709 1565 ha-

699 1621 836 1685 beat
883 1623 1220 1706 posteritas·
1278 1622 1496 1706 Itaque
1535 1623 1780 1686 remotis
1822 1623 2268 1706 suspicionibus
2310 1622 2706 1714 quibusdam,

700 1763 852 1824 quae
901 1764 1006 1826 per
1051 1741 1517 1831 calumniatores
1564 1742 1721 1808 inter
1766 1742 1969 1827 ipsum
2016 1749 2095 1814 01,
2115 1740 2477 1824 Dionysium
2524 1742 2703 1804 inter-

699 1860 1018 1922 cessissent
1065 1882 1132 1922 ac
1177 1866 1428 1924 mutuae
1475 1859 1929 1923 benevolentiae
1977 1858 2186 1922 obesse
2224 1859 2603 1936 viderentur,
2637 1860 2697 1921 in

698 1977 933 2060 reliqua
989 1977 1244 2061 epistola
1296 1978 1470 2042 nulla
1531 1978 1791 2062 amplius
1854 1977 2179 2040 simultatis
2232 1978 2487 2060 vestigia
2524 1999 2703 2061 appa-

697 2103 833 2158 rent
842 2122 860 2172 3
901 2095 1112 2157 laudat
1157 2103 1368 2160 contra
1413 2095 1693 2179 Dionysii
1748 2095 2021 2158 studium
2072 2095 2401 2180 sapientiae
2441 2116 2701 2178 eumque

697 2219 768 2275 ut
815 2213 1043 2276 amicus
1091 2214 1353 2276 amicum
1400 2213 1657 2297 impellit
1702 2223 1761 2276 et
1807 2213 2085 2276 hortatur
2116 2212 2191 2277 ad
2232 2212 2701 2304 philosophiam.

697 2329 864 2393 Haec
925 2353 1310 2414 nequaquam
1372 2331 1676 2414 quadrant
1736 2351 1873 2394 cum
1935 2331 2211 2415 Epistola
2254 2329 2415 2408 VII,
2475 2331 2539 2392 in
2586 2353 2707 2414 qua

695 2471 818 2513 non
879 2451 996 2514 nisi
1057 2473 1198 2513 cum
1243 2447 1555 2515 contemtu
1600 2450 1675 2514 de
1721 2450 2001 2534 Dionysii
2047 2449 2265 2512 studiis
2311 2449 2587 2531 loquitur
2640 2456 2701 2510 et

693 2567 878 2630 talem
925 2591 1066 2651 erga
1109 2576 1436 2652 tyrannum
1481 2569 1749 2632 ostendit
1780 2569 2047 2631 animum
2064 2617 2083 2646 ,
2132 2574 2204 2629 ut
2234 2589 2356 2629 non
2390 2566 2701 2650 probabile

695 2687 774 2749 sit
813 2686 1010 2750 ullum
1052 2687 1311 2770 amplius
1350 2688 1510 2751 inter
1549 2709 1649 2750 eos
1674 2709 1803 2750 esse
1825 2687 2095 2770 potuisse
2127 2685 2518 2770 epistolarum
2543 2705 2700 2748 com-

695 2805 1005 2868 mercium.
1041 2804 1366 2884 Quomodo
1392 2805 1466 2868 ab
1492 2826 1617 2868 uno
1642 2805 1885 2868 homine
1908 2813 2033 2867 tam
2058 2803 2465 2888 discrepantia
2492 2802 2702 2878 scribi,

690 2924 874 2985 immo
924 2923 1071 3006 fingi
1117 2921 1496 3007 potuerunt?
1542 2923 1893 3006 praesertim
1940 2944 2127 3004 quum
2163 2921 2371 2985 ambae
2404 2920 2693 3004 epistolae

611 3051 617 3055 ’
690 3062 838 3116 11011,
865 3048 937 3102 111
961 3039 1264 3124 Wiegand
1287 3041 1591 3124 opinatur,
1618 3040 1867 3104 diversis
1892 3039 2266 3124 temporibus
2282 3087 2301 3116 ,
2332 3036 2381 3122 2)
2412 3039 2516 3101 sed
2542 3040 2703 3123 circa

759 3197 818 3257 1)’
844 3196 950 3246 vid.
1001 3196 1127 3246 Plat.
1167 3196 1342 3260 dialog.
1387 3212 1570 3260 argum.
1614 3213 1662 3262 p.
1710 3195 1797 3247 ult.
1844 3195 2027 3245 Laudat
2071 3195 2187 3244 haec
2234 3195 2493 3259 Wiegand,
2543 3195 2705 3259 Symb.

692 3290 816 3340 Crit.
853 3291 902 3338 in
937 3291 1061 3342 Plat.
1093 3291 1184 3356 Ep.
1224 3292 1294 3340 II.
1329 3307 1377 3355 p.
1413 3291 1492 3340 16.

760 3385 811 3446 2)
845 3385 1076 3448 Wiegand
1117 3385 1170 3435 11.
1205 3401 1250 3450 p.
1285 3388 1332 3434 4.
1402 3386 1607 3435 Notetnr
1660 3385 1736 3433 hic
1783 3385 1831 3432 in
1866 3385 2071 3433 transitu
2104 3401 2235 3434 01101·
2264 3383 2557 3448 Wiegandii:
2592 3398 2639 3447 p.
2676 3382 2706 3430 6

689 3481 895 3529 affirmat
944 3480 1085 3529 verba
1129 3496 1246 3544 quae
1290 3481 1514 3544 leguntur
1548 3497 1598 3545 p.
1632 3481 1728 3529 310
1763 3480 1829 3542 Β,
1866 3485 1945 3531 τοῦ
1990 3481 2184 3550 φλαῦρόν
2227 3501 2274 3532 τι
2320 3482 2461 3544 λέγειν
2505 3483 2535 3538 ἣ
2566 3485 2709 3530 ποιεῖν

687 3579 796 3643 περὶ
831 3580 908 3626 σοῦ
941 3591 1205 3634 „consensu
1239 3576 1390 3624 totius
1423 3575 1754 3639 antiquitatis”
1788 3575 2033 3624 referenda
2065 3590 2165 3624 esse
2199 3575 2256 3624 ad
2292 3574 2575 3638 Dionysium
2608 3589 2707 3622 ma·

597 3721 612 3738 ,
687 3687 870 3739 iorem,
917 3687 1009 3718 non
1061 3670 1120 3720 ad
1167 3670 1296 3720 illius
1340 3671 1524 3729 filium,
1569 3675 1629 3720 ut
1672 3670 1727 3718 fit
1758 3671 1807 3718 in
1841 3669 2055 3734 Epistola
2066 3690 2081 3728 ;
2116 3670 2235 3718 citat
2268 3673 2428 3718 autem
2471 3668 2609 3732 Diog.
2646 3667 2699 3716 L.

688 3764 798 3822 ΙΙΙ,
848 3765 926 3813 21.
1009 3765 1155 3829 Atqui
1217 3766 1341 3830 apud
1391 3763 1821 3815 Plutarch..Dion.
1867 3781 1907 3813 0.
1958 3765 2045 3822 16,
2084 3763 2337 3828 Dionysius
2382 3780 2477 3812 non
2527 3767 2694 3827 pater,

691 3861 772 3910 sed
817 3860 973 3919 filius„
1023 3860 1276 3910 Platonem
1321 3878 1349 3910 a
1385 3862 1593 3911 secundo
1626 3861 1796 3910 itinere
1831 3877 2071 3909 reversum
2105 3864 2211 3908 orat
2237 3863 2428 3926 ἡσυχίαν
2462 3865 2590 3924 ἄγειν
2626 3863 2701 3910 καὶ

687 3956 830 4022 μηδὲν
872 3960 1148 4026 νεωτερίζειν
1190 3958 1312 4022 μηδὲ
1352 3961 1641 4025 βλασφημεῖν
1684 3954 1785 4008 κατ’
1823 3959 1960 4008 αὐτοῦ
2010 3961 2122 4025 πρὸς
2166 3959 2267 4013 τοὺς
2294 3951 2523 4014 'namna
2596 3955 2701 4002 Hoc

695 4054 750 4100 ut
793 4051 1066 4112 credamus,
1105 4056 1291 4116 praeter
1324 4051 1571 4100 Plutarchi
1606 4058 1654 4100 et
1687 4051 1928 4116 Epistulae
1973 4051 2304 4099 auctoritatem
2356 4050 2521 4098 suadet
2566 4050 2701 4096 nobis

693 4147 939 4211 utriusque
985 4147 1208 4212 Dionysii
1252 4147 1459 4204 indoleS,
1509 4163 1594 4194 nec
1630 4147 1785 4196 minus
1826 4147 1999 4194 Laiirtii
2032 4145 2319 4210 negligentia
2360 4146 2407 4192 in
2442 4144 2699 4192 referendis

695 4241 908 4291 Platonis
941 4242 1208 4291 itineribus.
