3092 5084
1339 471 1422 534 33

380 677 485 741 illa
529 700 712 761 quam
759 676 834 741 de
879 675 1311 762 Syracusarum
1358 677 1605 741 civitate
1660 677 1975 764 liberanda
2020 680 2401 765 concepisset

381 796 718 860 sententia:
781 796 870 868 τίς
916 795 968 858 δ’
987 790 1052 870 ἦν
1098 797 1126 860 ὅ
1170 795 1373 877 τρόπος
1419 803 1525 870 τῆς
1572 796 1847 873 γενέαῑεως
1897 800 2080 872 αὐτῆς
2141 774 2245 882 (sc.
2296 808 2401 873 τῆς

381 913 592 986 Δίωνος
655 914 925 1000 διανοίας)
985 918 1086 980 οὐκ
1132 914 1384 998 οὶποὶξιον
1427 917 1694 980 οἰκοῦσαι.
1743 939 1803 1001 p.
1854 919 1984 980 324
2030 916 2103 980 B.
2154 915 2403 1002 Repetit

380 1033 441 1096 id
505 1057 540 1096 a
600 1034 796 1118 primo
857 1056 968 1097 suo
1034 1033 1301 1098 adventu
1352 1033 1418 1097 in
1473 1033 1741 1098 Siciliam
1758 1083 1777 1111 ,
1834 1056 1956 1118 quo
2009 1042 2281 1120 tempore
2337 1036 2401 1099 in

379 1151 598 1216 Dionis
654 1159 900 1217 venerat
960 1152 1471 1231 familiaritatem,
1533 1152 1754 1217 deinde
1800 1175 1957 1236 quae
2004 1153 2149 1218 huic
2194 1155 2403 1219 itineri

379 1271 773 1335 occasionem·
815 1270 1128 1349 dederint,
1177 1293 1332 1354 quae
1379 1278 1760 1356 antegressa,
1811 1242 1967 1354 quae
2020 1279 2231 1336 secuta
2280 1274 2404 1336 sint

379 1397 504 1453 tam
567 1390 800 1474 prolixe
845 1398 1116 1468 enarrat,
1171 1398 1242 1453 ut
1287 1391 1494 1475 potius
1539 1390 1814 1454 Platonis
1861 1392 2022 1455 vitae
2072 1392 2403 1457 consilium

381 1518 442 1572 et
503 1510 858 1574 institutum
921 1509 1064 1573 inde
1112 1508 1186 1574 ab
1234 1509 1645 1574 adolescentia
1692 1533 1874 1594 quam
1922 1511 2139 1575 Dionis
2188 1512 2402 1576 volun-

378 1636 568 1693 tatem
615 1635 677 1693 et
720 1636 987 1693 mentem
1048 1629 1351 1695 declarare
1406 1631 1472 1694 in
1519 1631 1721 1695 animo
1768 1631 2055 1695 habuisse
2102 1631 2398 1695 videatur.

467 1866 558 1930 ΙΙ.
605 1867 743 1930 Jam
791 1866 867 1930 ad
910 1864 1246 1945 ξυμβουλὴν
1280 1867 1696 1952 progreditur:
1746 1867 2059 1931 videamus
2095 1868 2403 1951 quomodo

377 1984 442 2049 id
491 1985 659 2069 quod
704 1984 1028 2069 pollicetur
1072 1984 1308 2048 efficiat.
1360 1984 1474 2048 Est
1503 1985 1652 2049 haec
1686 1985 1877 2049 altera
1909 1986 2201 2070 epistolae
2233 2008 2401 2070 parS,

378 2104 443 2168 in
493 2127 618 2189 qua
663 2104 881 2167 Dionis
920 2104 1240 2168 familiares
1287 2103 1529 2168 docebit
1581 2102 1623 2169 οἳ
1660 2107 1777 2187 χρὴ
1816 2112 1991 2170 ποιεῖν
2038 2107 2102 2170 ἐκ
2150 2112 2261 2170 τῶν
2308 2111 2403 2171 νῦν

379 2225 722 2302 γεγονότων.

470 2341 706 2429 Incipit
763 2367 799 2408 a
855 2343 1121 2428 generali
1183 2341 1538 2426 quaestione
1560 2391 1578 2419 ,
1642 2340 1916 2405 docendo
1932 2389 1951 2419 ,
2012 2363 2194 2425 quam
2241 2341 2400 2406 viam

381 2469 443 2528 et
506 2463 804 2528 rationem
863 2463 929 2527 in
975 2462 1240 2526 consiliis
1288 2461 1504 2525 dandis
1556 2461 1679 2525 sive
1737 2460 1995 2546 singulis
2043 2461 2393 2526 hominibus

381 2605 493 2646 seu
550 2582 898 2648 civitatibus
959 2581 1330 2666 sequendam
1377 2588 1637 2646 censeat.
1709 2578 1980 2645 Consilia
2024 2604 2147 2645 non
2196 2581 2394 2646 danda

379 2723 515 2764 esse
574 2701 694 2764 nisi
752 2701 987 2786 petenti
1041 2708 1103 2764 et
1148 2699 1400 2785 obsequi
1446 2699 1747 2785 cupienti,
1794 2700 2028 2764 nemini
2071 2723 2212 2764 vero
2260 2723 2398 2765 con·

381 2818 594 2883 silium
653 2819 1126 2884 obtrudendum.
1219 2818 1396 2883 Hanc
1456 2819 1616 2882 viam
1675 2841 1738 2882 se
1785 2826 1846 2882 et
1892 2825 2070 2882 antea
2114 2827 2398 2883 secutum

385 2947 446 3002 et
514 2961 682 3003 nunc
751 2946 1105 3003 secuturum
1174 2938 1458 3004 declarat.
1553 2937 1630 3000 Id
1700 2937 2005 3022 praefatus
2067 2937 2401 3002 revolvitur

385 3056 466 3120 ad
537 3057 811 3142 querelas
879 3058 954 3122 de
1023 3058 1331 3143 Dionysiis
1393 3063 1566 3143 patre
1628 3063 1690 3120 et
1748 3057 1905 3135 filio,
1963 3079 2226 3142 quorum
2293 3056 2399 3121 ille

385 3175 718 3240 infidorum
773 3176 1106 3241 amicorum
1166 3176 1434 3240 consiliis
1496 3173 1821 3240 obsecutus
1884 3175 2169 3262 septuplo
2239 3175 2401 3259 peio-

385 3317 515 3359 rem
577 3317 642 3358 sc
701 3294 969 3358 ostendit
1029 3294 1217 3358 Dario
1280 3293 1627 3379 (Hystaspis
1686 3293 1868 3378 filio),
1927 3295 2169 3374 Δαρείου
2215 3294 2396 3358 ἐπτοι-

388 3412 655 3486 maurim
707 3411 1065 3494 φαυλότερον
1101 3413 1147 3497 l)
1165 3462 1184 3489 ,
1233 3419 1295 3476 et
1348 3433 1542 3495 quum
1598 3410 1868 3474 Siciliam
1913 3410 2399 3479 florentissimam

387 3531 640 3596 reddere
698 3531 999 3617 potuisset
1015 3581 1033 3609 ,
1097 3531 1421 3616 imperium
1482 3552 1674 3615 paene
1736 3530 1938 3594 amisit
1953 3556 1972 3608 ;
2022 3529 2175 3593 alter
2222 3551 2362 3593 vero
2378 3579 2397 3607 ,

389 3651 607 3737 spretis
651 3649 1046 3714 honestorum
1093 3650 1424 3714 amicorum
1471 3649 1740 3713 consiliis
1757 3699 1776 3727 ,
1824 3648 2049 3733 quibus
2104 3655 2402 3712 vastatam

390 3769 659 3834 Siciliam
717 3791 984 3833 recreare
1046 3775 1107 3832 et
1172 3768 1512 3832 Poenorum
1574 3767 2051 3832 dominationem
2111 3765 2403 3852 repellere

462 4070 511 4132 1)
546 4069 646 4119 Cur
689 4067 1044 4128 ἑπταπλασὶωςῗ
1109 4067 1256 4118 Ludit
1290 4066 1518 4117 nimirum
1560 4067 1611 4116 in
1646 4083 1702 4116 eo
1736 4065 1865 4130 quod
1897 4065 2076 4115 Darius
2108 4079 2307 4128 regnum
2334 4062 2404 4111 di·

397 4165 508 4214 visit
548 4166 599 4214 in
649 4169 830 4230 septem
870 4169 1056 4230 partes,
1106 4181 1304 4228 quarum
1340 4180 1553 4227 quaeque
1587 4163 1742 4212 maior
1775 4177 1917 4227 quam
1952 4165 2056 4209 tota
2089 4158 2251 4208 Sicilia
2287 4158 2406 4216 fuit,

397 4265 451 4308 ut
486 4277 596 4310 mox
629 4261 771 4310 dicit=
820 4263 1016 4327 διένειμέ
1057 4280 1112 4312 τε
1143 4268 1268 4330 μέρη
1299 4264 1449 4325 μείζω
1480 4263 1655 4310 ἕκαστα
1687 4261 1885 4315 Σικελίας
1917 4263 2067 4316 πάσης
2100 4257 2237 4306 ἑπτά.

2130 4351 2169 4407 3
