3092 5084
1338 516 1458 576 139

395 745 531 786 rum
577 723 945 787 Plutarchus
992 745 1235 806 quoque
1280 722 1322 784 l.
1370 721 1409 785 1.
1444 743 1586 785 eum
1615 719 1924 803 Syracusis
1950 720 2287 803 profectum
2321 720 2397 781 ad

391 841 634 905 Italiam
682 843 1006 927 appulsum
1060 864 1189 905 esse
1242 841 1448 925 ibique
1502 839 1840 903 escendisse
1893 847 2170 902 testatur.

477 960 808 1044 Postquam
855 946 1125 1025 Athenas
1170 983 1441 1024 reversus
1487 967 1610 1036 est,
1656 959 1865 1023 eodem
1894 958 2060 1021 venit
2091 958 2246 1035 Dio,
2281 957 2391 1039 qui

392 1078 478 1142 ibi
518 1079 779 1143 multum
827 1101 966 1142 cum
1006 1077 1288 1156 Platone,
1322 1078 1662 1162 Speusippo
1703 1076 1958 1160 aliisque
1996 1075 2272 1139 Platonis
2319 1076 2402 1138 fa-

395 1196 733 1261 miliaribus
796 1205 1067 1261 versatus
1130 1219 1258 1259 esse
1310 1196 1591 1261 traditur.
1684 1195 1778 1258 De
1823 1194 1935 1257 hac
1981 1193 2197 1257 Dionis
2243 1215 2401 1256 com-

395 1316 733 1379 moratione
802 1316 1061 1379 Athenis
1125 1316 1188 1379 in
1258 1315 1513 1399 epistola
1577 1313 1748 1377 nulla
1809 1314 1877 1376 fit
1931 1312 2188 1389 menti0,
2237 1310 2402 1395 quod

396 1457 541 1498 sane
600 1434 979 1512 mirandum,
1042 1456 1232 1518 quum
1294 1432 1643 1519 praesertim
1704 1432 1959 1517 scriptor
2017 1429 2081 1493 id
2143 1430 2403 1493 maxime

396 1553 776 1637 propositum
815 1553 929 1617 sibi
968 1576 1095 1616 esse
1129 1552 1319 1630 dicat,
1369 1560 1441 1615 ut
1471 1550 1787 1628 ostendat,
1840 1550 2108 1614 Platonis
2155 1571 2403 1613 consue-

398 1669 600 1734 tudini
670 1678 731 1735 et
796 1671 1168 1734 institutioni
1236 1670 1492 1734 Dionem
1558 1675 1832 1753 acceptas
1893 1667 2174 1732 debuisse
2219 1667 2404 1729 virtu-

405 1793 497 1851 tes
543 1787 679 1851 illas
690 1836 709 1865 ,
758 1787 981 1871 quibus
1028 1786 1384 1851 nobilitatus
1432 1794 1541 1851 est.
1635 1786 1926 1870 Properat
1972 1808 2110 1849 vero
2147 1784 2405 1867 scriptor

400 1906 477 1969 ad
521 1907 770 1989 tertium
816 1907 931 1970 iter
974 1894 1448 1992 Syracusanum,
1511 1906 1678 1991 quod
1741 1905 1936 1971 tribus
1999 1903 2093 1967 vel
2139 1910 2406 1989 quatuor

400 2026 575 2091 annis
621 2034 761 2111 post
802 2026 981 2090 Plato
1030 2026 1313 2111 suscepit.

487 2262 661 2327 Sicut
719 2264 878 2327 inter
932 2263 1139 2328 ambos
1198 2271 1594 2342 convenerat,
1643 2286 1788 2348 pace
1833 2263 2022 2341 facta,
2070 2263 2404 2348 Dionysius

398 2381 714 2445 Platonem
775 2381 852 2445 ad
910 2404 974 2445 se
1019 2390 1194 2446 vocat
1238 2382 1319 2466 (p.
1370 2384 1496 2445 338
1544 2382 1600 2445 Β
1648 2384 1837 2466 sqq.),
1893 2382 2151 2445 Dionem
2200 2391 2402 2444 autem

343 2485 352 2493 ⁵
393 2499 571 2584 jubet
610 2522 837 2563 annum
883 2500 1083 2564 adhuc
1126 2523 1435 2566 remanere
1468 2500 1533 2564 in
1567 2500 1839 2565 Graecia.
1887 2499 2065 2564 Plato
2113 2500 2404 2577 haesitat3

401 2626 530 2682 erat
589 2620 716 2703 jam
781 2641 969 2703 prope
1036 2621 1533 2705 septuagenarius
1603 2627 1665 2683 et
1725 2619 1980 2704 putabat
2040 2619 2401 2702 Dionysium

400 2736 729 2800 ambitione
775 2736 1031 2802 ductum
1076 2759 1139 2801 se
1184 2760 1496 2803 arcessere.
1563 2738 1938 2803 Ferebantur
1985 2738 2146 2801 enim
2170 2737 2404 2800 venisse
2501 2794 2507 2801 .

400 2854 480 2918 ad
522 2856 893 2940 Dionysium
932 2856 1230 2940 Archytas
1279 2864 1337 2921 et
1384 2856 1725 2935 Tarentini,
1775 2865 1848 2921 ut
1878 2856 2150 2921 Platonis
2187 2855 2406 2919 doctri-

399 2996 539 3037 nam
587 2996 659 3036 ex
726 2996 798 3037 eo
858 2974 1309 3039 sciscitarentur
1323 3000 1342 3052 ;
1412 2974 1635 3058 quibus
1704 2996 1844 3039 cum
1899 2975 2242 3038 satisfacere
2303 2974 2407 3038 ille

400 3112 522 3155 non
585 3102 787 3177 posset
830 3092 1015 3177 idque
1061 3087 1468 3172 erubesceret,
1530 3093 1668 3157 ideo
1721 3093 2040 3157 videbatur
2085 3094 2403 3157 Platonem

400 3211 623 3274 iterum
652 3232 925 3290 vocasse,
973 3212 1231 3296 cupidus
1275 3219 1373 3277 τοῦ
1406 3213 1699 3279 διακοῦσαι
1731 3212 2127 3291 ἐναργέστερον
2159 3214 2241 3296 (p.
2276 3212 2404 3275 338

404 3328 503 3413 D).
573 3327 750 3391 Hanc
797 3328 873 3393 ob
921 3351 1163 3393 causam
1207 3330 1393 3394 semel
1421 3299 1768 3414 iterumque
1795 3336 2044 3400 vocatus
2075 3329 2378 3393 recusavit
2390 3355 2408 3406 3

404 3446 583 3509 tertio
646 3444 920 3524 tandem,
986 3447 1362 3511 Archedemo
1423 3447 1697 3511 Platonis
1751 3447 2036 3519 familiari
2081 3469 2222 3512 cum
2268 3448 2411 3511 Dio-

404 3564 562 3648 nysii
607 3564 863 3648 epistola
906 3564 1511 3630 honorificentissima
1562 3565 1830 3630 Athenas
1863 3566 2078 3642 misac,
2127 3566 2411 3631 hortante
2516 3581 2521 3586 “

405 3681 601 3745 Dione
616 3732 635 3761 ,
697 3683 1131 3767 instigantibus
1199 3691 1505 3767 praeterea
1570 3706 1677 3767 per
1743 3683 1946 3747 literas
2016 3684 2285 3768 Archyta
2353 3692 2414 3749 et

404 3798 744 3864 Tarentinis
762 3849 781 3877 ‚
848 3803 951 3875 τὴν
1018 3802 1374 3883 φιλοσοφίαν
1442 3799 1859 3882 ἐγκωμιάζουσι
1918 3804 2021 3877 τὴν
2083 3803 2376 3867 Διονυσίου
2393 3854 2412 3879 ,

406 3918 585 3981 cessit
644 3926 704 3999 et
761 3919 946 3982 tertio
1012 3919 1336 4004 Syracusas
1391 3920 1698 4005 profectus
1767 3928 1860 3983 est
1926 3920 2086 3985 bona
2150 3944 2256 4005 spe
2301 3943 2413 3984 nec

406 4037 745 4101 mirandum
816 4045 1037 4123 putans
1053 4086 1072 4115 ,
1142 4038 1257 4103 νέον
1322 4036 1499 4119 ἄνδρα
1567 4038 1972 4118 παρακούοντα
2013 4038 2186 4115 ἀξίων
2230 4039 2411 4117 λόγου
2483 4014 2489 4019 Ι

410 4154 805 4237 πραγμάτων,
869 4158 1119 4238 εὐμαθῆ,
1171 4158 1307 4236 πρὸς
1354 4158 1537 4237 ἔρωτα
1583 4158 1762 4222 ἐλθεῖν
1810 4163 1910 4224 τοῦ
1955 4158 2235 4237 βελίστου
2280 4160 2410 4243 βίου

410 4276 491 4359 (p.
540 4277 665 4339 339
715 4274 809 4358 E).
