3092 5084
1371 495 1485 557 107

424 724 663 784 pannus
710 700 1011 765 inutiliter
1056 708 1346 775 assutus;
1388 722 1527 763 nam
1573 698 1878 783 scriptoris
1911 698 2102 769 menti
2139 696 2440 761 sufficiens

423 818 637 881 fuisset
682 812 911 883 dicere:
957 822 1041 894 μὴ
1089 818 1223 897 πρὸς
1272 816 1686 897 χρηματισμὸν
1731 815 1829 880 καὶ
1871 820 2120 883 πλοῦτον
2139 864 2154 879 .
2175 864 2192 878 .
2211 864 2226 879 .
2274 814 2443 879 ἄλλα

424 938 560 1013 πρὸς
596 939 822 1017 αἱρετήν.
872 936 1204 1021 Tripartita
1248 942 1449 999 autem
1497 935 1604 998 illa
1649 934 1944 999 bonorum
1989 934 2206 998 divisio
2226 984 2240 1012 ‚
2288 954 2444 1015 quae

422 1055 697 1139 tangitur
743 1056 921 1121 etiam
972 1054 1166 1139 Epist.
1216 1053 1377 1131 VII,
1428 1077 1486 1138 p.
1539 1056 1657 1117 331
1716 1056 1808 1130 A,
1858 1053 2050 1137 petita
2095 1060 2188 1119 est
2235 1076 2266 1115 e
2311 1051 2446 1115 Plae

422 1182 566 1240 tone
612 1175 688 1238 de
732 1174 922 1258 Legg.
973 1174 1067 1257 (ut
1088 1172 1433 1239 notavimus
1466 1194 1651 1257 supra
1683 1194 1741 1257 p.
1780 1174 1905 1256 67).
1951 1170 2192 1234 Deinde
2221 1193 2280 1254 p.
2315 1172 2444 1233 355

423 1292 475 1355 E
491 1342 510 1369 ‚
552 1292 671 1357 Dio
704 1292 1093 1377 Syracusanis
1127 1290 1852 1377 principes'commendat
1883 1289 2258 1374 Hipparinos
2291 1273 2448 1351 duos

425 1419 511 1489 et,
560 1413 727 1495 quod
758 1434 934 1476 nemo
968 1418 1401 1495 exspectasset,
1434 1410 1685 1477 tertium
1717 1408 2110 1493 Dionysium,
2152 1408 2230 1474 ad
2261 1429 2440 1491 quem

426 1530 845 1615 expellendum
895 1531 1023 1615 ipse
1086 1553 1251 1593 arma
1296 1536 1539 1615 ceperat
1554 1555 1572 1607 3
1637 1550 1821 1612 quam
1866 1528 1943 1591 ob
1990 1537 2232 1591 causam
2278 1526 2442 1597 hunc

426 1648 727 1715 addiderit
772 1650 871 1713 vix
916 1649 1211 1733 conjicere
1257 1648 1427 1725 licet,
1476 1647 1596 1712 nisi
1641 1647 1797 1711 forte
1843 1654 1916 1710 ut
1959 1646 2292 1715 ternarium
2331 1668 2444 1709 nu-

424 1789 659 1831 merum
690 1768 977 1852 expleret.
1040 1766 1209 1847 Quid
1242 1768 1402 1831 enim
1434 1789 1587 1851 opus
1619 1776 1745 1831 erat-
1779 1766 2004 1843 tribue,
2055 1787 2246 1849 quum
2277 1786 2445 1849 prae-

423 1886 631 1950 sertim
660 1886 1012 1971 LycurguS‚
1060 1887 1233 1951 cuius
1264 1888 1550 1954 instituta
1596 1886 1744 1951 dicit
1776 1909 1838 1949 se
1869 1886 1946 1951 ob
1979 1886 2190 1951 oculos
2221 1885 2444 1949 habere

422 2010 507 2092 (p.
558 2009 686 2071 354
732 2007 842 2092 B),
892 2006 1045 2073 duos
1094 2015 1335 2071 tantum
1366 2030 1535 2092 reges
1568 2007 1756 2077 creari
1787 2006 2066 2071 voluerit.
2123 2004 2442 2069 Vocabulo

420 2127 777 2207 ὦνοσιουργός
836 2150 923 2199 τις
975 2127 1409 2211 intelliguntur
1456 2125 1778 2211 Callippns
1801 2122 2042 2197 ,Dionis
2089 2124 2443 2194 interfector

423 2245 677 2329 ejusque
753 2245 1035 2311 facinoris
1098 2245 1281 2323 socii3
1351 2219 1709 2327 οὶνοσιουργός
1772 2245 2074 2329 significat
2133 2266 2273 2311 eum
2335 2243 2442 2327 qui

421 2363 604 2427 caede
651 2371 714 2427 et
756 2364 969 2449 rapina
1014 2387 1077 2429 se
1123 2365 1347 2449 polluit
1411 2386 1605 2448 eoque
1667 2364 2032 2449 inexpiabile
2091 2361 2236 2441 ἄγος
2303 2384 2446 2427 con-

421 2481 639 2559 traxit,
688 2484 714 2548 ὅ
746 2484 978 2559 ἐναγής.
1048 2482 1282 2550 Eodem
1332 2505 1517 2547 sensu
1563 2484 1631 2547 in
1660 2483 1854 2568 Epist.
1887 2481 2046 2561 VII,
2095 2506 2152 2568 p.
2189 2483 2315 2546 335
2351 2480 2440 2557 B,

421 2600 649 2685 legitur
692 2602 1091 2681 ἀνοσιουργίας
1141 2608 1359 2667 neutra
1403 2624 1519 2665 vox
1565 2602 1811 2667 Platoni
1858 2613 2169 2687 usurpata.

512 2718 721 2805 Pergit
765 2720 889 2783 sic:
961 2719 1287 2804 „Plerique
1335 2721 1481 2785 talia
1539 2722 1738 2785 solent
1785 2722 1929 2787 dare
1979 2720 2232 2787 consilia
2286 2742 2440 2805 quae
2497 2722 2502 2727 ’

422 2836 629 2901 amicis
662 2836 954 2918 salubria,
996 2837 1275 2904 hostibus
1306 2861 1446 2903 vero
1477 2839 1662 2905 noxia
1692 2846 1753 2903 et
1785 2839 2035 2906 adversa
2064 2839 2436 2916 habeantur3

422 2954 593 3038 atqui
638 2955 786 3019 haec
844 2956 1033 3040 vulgo
1096 2979 1285 3041 aeque
1345 2965 1569 3024 nocent
1629 2958 1907 3042 utrisque
1969 2958 2264 3043 partibuS.
2360 2958 2435 3021 In

422 3082 664 3160 promtu
722 3082 869 3139 sunt
912 3076 1187 3161 exempla
1231 3098 1387 3161 quae
1433 3076 1549 3142 hoc
1596 3076 1878 3141 docent.''
1969 3078 2274 3143 Ultimum
2319 3077 2438 3141 hoc

421 3193 511 3257 ita
554 3194 868 3259 enuntiat:
916 3194 1006 3259 δεῖ
1044 3194 1091 3257 δ’
1112 3197 1175 3262 οὗ
1220 3197 1453 3275 μακρὰν
1486 3194 1755 3267 ἔλθοντοὶς
1779 3219 1875 3260 ποι
1897 3196 1979 3261 τα
2000 3203 2250 3263 τοιαῦτα
2275 3198 2434 3275 ἐναρ-

422 3319 542 3387 γῶς
594 3312 727 3379 ἰδεῖν
742 3362 760 3391 ,
807 3314 947 3379 ἀλλ’
989 3310 1100 3377 ὅσα
1143 3320 1239 3379 νῦν
1283 3312 1492 3391 γέγονε
1538 3316 1674 3410 τῇδε
1721 3318 1900 3380 αὐτοῦ
1943 3316 2069 3395 περὶ
2119 3316 2431 3383 Σικελίανε

421 3432 699 3515 quaesita
742 3432 1115 3498 constructio
1162 3441 1223 3498 et
1268 3432 1525 3499 obscura
1571 3455 1714 3517 pro:
1765 3433 1854 3499 δεῖ
1894 3434 1944 3497 δ’
1968 3437 2029 3499 οὐ
2074 3435 2308 3515 μακρὰν
2339 3438 2436 3501 ἐλ-

423 3553 534 3615 θεῖν
588 3546 681 3614 itm
739 3550 939 3615 ταῦτα
991 3574 1081 3621 τις
1136 3548 1257 3632 ἴδῃ,
1324 3552 1461 3619 ἀλλ’
1506 3549 1550 3615 ἃ
1595 3558 1690 3617 νῦν
1749 3549 1959 3629 γέγονε
2018 3561 2252 3618 σκοπεῖν
2312 3556 2433 3623 κτὲ.

420 3670 557 3733 Jam
605 3669 954 3746 consilium,
1002 3668 1167 3752 quod
1214 3668 1468 3733 daturus
1514 3676 1608 3735 est
1653 3669 2048 3755 Syracusanis
2066 3722 2084 3749 ‚
2126 3671 2276 3737 dicit
2308 3695 2437 3737 esse

421 3787 735 3871 negotium
781 3786 1023 3855 difficile
1070 3788 1237 3851 factu
1282 3811 1350 3852 ac
1398 3788 1602 3872 potius
1649 3789 1776 3854 voti
1813 3790 2042 3859 simile:
2093 3798 2224 3855 τῶν
2259 3789 2306 3854 δ’
2331 3789 2442 3855 ὅσα

424 3905 631 3983 γένοιτ’
686 3905 758 3971 ἂν
813 3906 845 3981 ἢ
894 3908 1040 3970 πᾶσι
1087 3904 1461 3987 ξυμφέρονται
1506 3909 1726 3987 ἐχθροῖς
1772 3934 1838 3975 τε
1883 3909 1980 3977 καὶ
2029 3911 2224 3989 φίλοις
2272 3910 2305 3985 ἢ
2353 3908 2436 3975 ὅτι

428 4024 792 4103 σμικρότατα
850 4025 1039 4090 κακοὶ
1098 4027 1408 4106 ἀμφοῖν,
1471 4030 1650 4090 ταῦτ’
1715 4026 1843 4093 οὔτε
1908 4028 2084 4111 ῥᾴδιον
2144 4030 2272 4107 ὀροῖν
2319 4027 2442 4093 οὔτ’
2527 4066 2530 4075 =

429 4143 623 4207 ἴδοντα
660 4146 942 4209 ἐπιτελεῖν
961 4194 978 4225 ,
1028 4147 1179 4225 εὐχῇ
1225 4143 1285 4207 δὲ
1331 4143 1616 4221 προσέοικε
1667 4149 1699 4221 ἡ
1745 4146 1980 4219 τοιαύτη
2027 4145 2336 4223 ξυμβουλή
2370 4172 2436 4213 τε

429 4262 525 4334 καὶ,
572 4263 923 4345 ἐπιχείρησις
968 4269 1069 4333 τοῦ
1115 4263 1311 4342 λόγου.
1376 4262 1452 4329 In
1484 4264 1786 4352 principio
1834 4266 2139 4354 genitivus
2169 4272 2281 4333 τῶν
2313 4290 2438 4335 non
