3092 5084
1351 547 1425 608 :27

393 756 549 820 infra
609 759 671 822 in
737 756 1048 820 tractanda
1103 754 1356 838 epistola
1402 752 1530 815 VII
1575 749 1869 814 nonnulla
1915 746 2151 810 addam.
2246 742 2389 805 Non

393 877 587 938 aliena
647 877 890 959 quidem
950 874 1096 938 talia
1142 881 1288 935 sunt
1331 895 1368 934 a
1410 871 1662 934 Platone
1678 895 1696 947 ;
1752 875 1958 932 contra
2004 885 2211 927 omnes
2260 861 2389 924 eius

393 993 658 1079 dialogi,
721 994 975 1058 maxime
1034 999 1236 1056 autem
1293 990 1432 1054 libri
1487 989 1563 1052 de
1623 987 1888 1072 Legibus
1933 985 2093 1069 piam
2141 981 2389 1044 deorum

392 1113 786 1176 reverentiam
831 1135 972 1196 prae
1018 1133 1080 1174 se
1126 1110 1360 1187 ferunt3
1409 1107 1514 1171 sed
1560 1114 1629 1170 ut
1672 1105 1757 1169 ibi
1800 1104 1945 1169 talia
1990 1101 2153 1164 dicta
2183 1104 2392 1182 sponte

394 1253 427 1294 e
487 1253 552 1295 re
617 1239 760 1294 nata
827 1238 888 1294 et
953 1230 1094 1314 loqu
1103 1229 1258 1292 entis
1313 1249 1398 1291 ex
1467 1226 1666 1290 animo
1737 1223 2075 1308 profluunt,
2147 1219 2233 1280 ita
2296 1215 2395 1278 hic

395 1349 664 1432 quaesita
709 1356 770 1412 et
821 1348 1098 1412 consulto
1143 1346 1449 1410 inculcata
1494 1353 1657 1408 sunt.

483 1463 649 1530 Haec
711 1466 948 1550 aliaque
995 1455 1067 1528 ‘id
1113 1487 1304 1549 genus
1352 1487 1459 1548 per
1501 1484 1707 1526 omnes
1756 1457 2039 1545 epistolas
2095 1461 2247 1518 sunt·
2284 1451 2395 1514 dif-

393 1584 563 1662 fusa,
629 1592 810 1667 atque
871 1573 1148 1661 eatenus,
1197 1583 1339 1646 licet
1382 1581 1575 1645 forma
1620 1590 1679 1644 et
1725 1579 1923 1664 specie
1970 1575 2093 1638 sint
2138 1569 2395 1635 dissimi-

391 1703 480 1765 les
498 1752 516 1780 ‚
565 1710 880 1786 cognatam
928 1710 1130 1765 tamen
1176 1701 1468 1784 originem
1515 1699 1801 1785 produnt.
1838 1739 1843 1742 -

482 1821 748 1886 Maxime
791 1842 932 1885 vero
979 1795 1328 1905 scriptorem
1383 1803 1585 1903 arguit
1636 1819 1833 1882 stilus,
1934 1817 2068 1880 Hac
2114 1817 2195 1879 in‘
2227 1820 2396 1900 parte⁴
2468 1803 2471 1808 ¹

405 1911 520 2002 etsi
591 1940 873 2024 epistolae
936 1925 1316 2023 aliquantum
1385 1939 1542 2030 inter
1613 1961 1674 2001 se
1734 1937 1993 2014 distant,
2070 1945 2270 1999 tamen
2333 1935 2395 1996 in

393 2059 629 2121 cunctis
675 2058 942 2121 cernitur
986 2056 1336 2120 Platonicae
1387 2056 1675 2120 orationis
1733 2055 1987 2139 effigieS,
2046 2054 2142 2117 vel
2190 2043 2395 2137 potius

394 2174 615 2252 dicam,
683 2173 931 2268 εἴδωλον.
1024 2174 1270 2258 Ubique
1338 2175 1629 2258 elegantis
1678 2182 1740 2266 et
1800 2145 2045 2258 ornatae
2102 2172 2386 2236 dictionis

391 2293 560 2355 illius
617 2271 872 2377 vestigia
917 2315 1237 2376 agnoscere
1281 2293 1396 2356 tibi
1454 2293 1727 2370 videare,
1776 2293 2071 2377 imprimis
2118 2292 2352 2374 copiam
2374 2339 2392 2367 ‚

393 2392 897 2494 amplitudinemJ
934 2411 1287 2494 gravitatem
1333 2418 1478 2474 tam‘
1504 2411 1567 2474 in
1612 2411 1925 2474 sententiis
1959 2391 2141 2493 quam
2171 2409 2235 2471 in
2270 2431 2393 2472 ver-

395 2529 521 2606 bis,
570 2550 680 2592 nec
725 2529 922 2593 ullum
967 2528 1140 2592 facile
1187 2529 1479 2613 scriptum
1523 2529 1818 2613 reperiaS‚
1866 2529 1931 2592 in
1963 2549 2086 2611 quo
2116 2527 2391 2591 Platonis

392 2647 584 2710 oratio
629 2646 870 2710 'multis
937 2647 1204 2731 partibus
1285 2647 1623 2711 accuratius
1704 2647 1785 2710 sit
1863 2661 2142 2731 expressa
2212 2630 2394 2728 quam

390 2765 458 2829 in
517 2764 793 2849 Epistola
850 2763 996 2828 VII.
1087 2763 1255 2828 Haec
1317 2765 1653 2829 similitudo
1714 2765 1854 2828 talis
1916 2772 2007 2827 est
2068 2771 2139 2828 ut
2191 2764 2394 2827 minus

391 2889 696 2946 attentum
754 2882 1038 2946 lectorem
1098 2881 1302 2946 fallere
1349 2883 1573 2966 possit,
1592 2884 1715 2979 ⁴uti
1760 2905 1965 2946 revera
2012 2881 2393 2944 doctissimos

394 2999 628 3085 judices
691 3007 751 3063 et
811 3007 1126 3064 emunctae
1199 3001 1360 3064 naris
1423 3001 1660 3064 criticos
1721 3001 1969 3077 fefellit-3
2020 3008 2082 3064 at
2144 3000 2393 3084 propius

395 3119 664 3182 intuenti
708 3119 882 3182 facile
927 3127 1175 3203 apparet
1233 3141 1356 3182 non
1417 3100 1627 3183 'verum
1674 3141 1801 3182 esse
1848 3120 2108 3182 colorem
2156 3117 2260 3181 sed
2307 3118 2397 3180 fu-

401 3245 640 3314 catum,
688 3259 810 3301 non
855 3237 1167 3321 proprium
1212 3212 1494 3318 ornatum
1557 3238 1663 3301 sed
1710 3237 2042 3315 adscitum3
2114 3236 2397 3300 dictionis

395 3356 626 3438 figurae
682 3363 742 3419 et
787 3363 1173 3433 ornamenta,
1223 3378 1375 3440 quae
1421 3357 1485 3420 in
1530 3357 1663 3441 ipso
1708 3356 1963 3421 Platone
2008 3377 2185 3440 parce
2230 3354 2398 3418 adhi-

395 3474 527 3537 bita
587 3473 826 3558 placent
887 3481 947 3537 et
1007 3475 1337 3538 orationem
1397 3474 1783 3561 illuminant„
1853 3476 1917 3538 in
1979 3475 2092 3538 hac
2146 3473 2401 3558 epistola

391 3601 616 3656 temere
671 3575 734 3656 et
778 3592 1098 3656 immodice
1145 3591 1334 3657 effusa
1377 3593 1654 3678 ineptum
1701 3593 1971 3678 produnt
2017 3593 2398 3676 argutiarum

395 3711 744 3795 aucupium.
822 3710 1076 3774 Accedit
1121 3711 1287 3798 quod
1331 3711 1558 3775 flumen
1605 3718 1664 3775 et
1710 3712 1885 3796 copia
1938 3711 2227 3774 orationis
2275 3717 2399 3773 tur-

396 3829 579 3893 batur
623 3830 830 3893 crebro
873 3829 1184 3915 implicitis
1231 3831 1544 3894 sententiis
1592 3837 1653 3894 et
1683 3829 1967 3894 inanibus
2000 3810 2355 3914 ambagibus
2373 3880 2391 3908 ‚

304 3974 312 3980 ·
397 3947 620 4033 passim
681 3947 860 4010 etiam
922 3947 1371 4011 contaminatur
1427 3947 1623 4012 verbis
1657 3922 1731 4011 ⁸et
1766 3948 2076 4032 juncturis
2124 3970 2279 4030 quae
2326 3947 2400 4011 ab

398 4066 602 4130 Attica
627 4066 892 4150 puritate
922 4073 984 4129 et
1013 4088 1047 4129 a
1071 4088 1218 4130 sano
1235 4066 1468 4154 judicio
1502 4067 1847 4131 abhorrent.
1898 4066 1974 4130 In
2006 4067 2168 4130 omni
2198 4073 2397 4129 autem

395 4183 503 4248 illo
571 4183 859 4247 orationis
929 4192 1146 4278 ornatu
1217 4193 1278 4248 et
1345 4186 1519 4270 copia
1588 4185 1967 4249 desideratur
2027 4186 2205 4270 plane
2266 4191 2397 4248 tum

398 4302 698 4366 dilucidus
755 4303 1188 4386 cogitationum
1249 4303 1425 4382 ordo,
1486 4312 1617 4368 tum
1664 4304 2005 4368 Socraticus
2058 4303 2161 4367 ille
2208 4303 2395 4389 lepor,
