3092 5084
1614 527 1695 586 24

736 735 986 815 Quanta
1031 735 1215 798 fuerit
1260 734 1516 796 istorum
1549 733 1859 797 rhetorum
1892 735 2261 818 ignorantia,
2304 736 2521 799 clarius
2553 735 2653 798 do-

645 861 999 918 cumentum
1045 853 1294 938 reperiri
1340 875 1463 916 non
1511 859 1713 937 potest
1753 875 1935 936 quam
1967 853 2245 938 Epistola
2274 853 2403 932 XI,
2437 854 2500 916 in
2534 877 2653 938 qua

643 973 821 1036 Plato
881 971 1284 1035 Laodamanti
1299 1020 1318 1049 ‚
1378 972 1607 1056 petenti
1652 978 1724 1034 ut
1769 994 1913 1036 suae
1959 972 2189 1036 civitati
2235 971 2398 1056 leges
2444 971 2649 1051 daret,

646 1089 1008 1175 respondet,
1072 1089 1382 1153 Socratem
1439 1091 1836 1170 στραγγουρίᾳ
1880 1089 2185 1168 laborare,
2228 1113 2291 1154 se
2337 1096 2539 1154 autem
2584 1091 2651 1154 δι’

649 1210 874 1286 ἡλικίαν
934 1209 1143 1292 fugere
1211 1211 1546 1273 πλανᾶσθαι
1610 1209 1771 1274 κατὰ
1824 1217 1935 1285 γῆν
1980 1211 2076 1272 καὶ
2122 1210 2283 1273 κατὰ
2326 1207 2650 1272 θάλατταν.

651 1330 750 1392 An
788 1329 980 1413 major
1018 1334 1361 1412 temporum
1379 1327 1655 1391 confusio
1672 1328 1925 1412 cogitari
1949 1333 2149 1426 potest
2174 1351 2357 1411 quam
2384 1327 2653 1405 credere,

649 1447 886 1510 vivente
933 1445 1178 1509 Socrate
1223 1445 1540 1510 Platonem
1590 1468 1795 1510 senem
1839 1445 2027 1510 fuisse
2072 1454 2133 1510 et
2180 1469 2449 1511 errorum
2494 1454 2657 1510 terra

651 1564 924 1647 marique
979 1561 1252 1628 lassum?
1348 1561 1570 1646 Neque
1617 1562 1693 1626 de
1738 1563 1856 1627 alio
1902 1563 2181 1642 Socrate,
2223 1564 2465 1648 juniore
2509 1563 2653 1641 illo,

649 1683 746 1746 vel
805 1683 881 1746 de
940 1683 1208 1747 Isocrate
1263 1683 1423 1766 (Ast.
1469 1705 1530 1766 p.
1584 1685 1734 1767 526)
1779 1683 1880 1747 hic
1925 1683 2178 1768 cogitari
2221 1706 2429 1768 posse,
2485 1705 2657 1768 argu-

649 1806 924 1865 mentum
971 1800 1210 1864 clamat.
1275 1799 1639 1864 Scribendae
1672 1806 1875 1865 autem
1906 1801 2092 1865 huius
2126 1801 2417 1887 epistolae
2450 1824 2654 1866 ansam

650 1920 824 1983 facile
871 1919 1042 1982 dedit
1084 1919 1278 1996 fama,
1325 1918 1645 1982 Platonem
1676 1942 1711 1982 a
1741 1919 2273 2004 Megalopolitanis
2306 1921 2657 1984 arcessitum

653 2046 723 2100 ut
766 2006 928 2123 leges
974 2038 1049 2100 iis
1095 2037 1414 2114 scriberet,
1462 2036 1527 2101 id
1575 2037 1877 2102 abnuisse.

741 2156 802 2219 N
805 2179 886 2220 on
929 2157 1194 2221 melioris
1239 2157 1542 2234 κόμματος
1591 2164 1683 2220 est
1728 2155 1891 2234 XII,
1934 2159 2161 2244 scripta
2185 2157 2263 2221 ad
2285 2158 2615 2242 Archytam
2632 2208 2650 2236 ‚

652 2298 774 2359 qua
819 2275 963 2338 huic
1010 2275 1234 2360 gratias
1280 2275 1433 2359 agit,
1483 2275 1649 2359 quod
1680 2276 1795 2341 sibi
1825 2277 2088 2340 misisset
2126 2278 2525 2354 ὑπομνήματα
2553 2277 2659 2340 ho-

653 2395 832 2458 minis
871 2393 1272 2479 Pythagorei,
1305 2403 1378 2457 ut
1407 2394 1648 2458 videtur
1663 2444 1681 2472 ‚
1716 2417 1895 2477 quem
1928 2394 2079 2458 dicit
2108 2395 2437 2459 oriundum
2469 2395 2658 2459 fuisse

653 2535 690 2575 a
732 2511 1064 2577 maioribus
1109 2512 1404 2576 Troianis
1498 2512 1887 2577 Intellexitne
1932 2512 2369 2598 Pythagoricae
2416 2513 2656 2578 scholae

627 2631 1061 2709 *conditorem,
1107 2630 1488 2694 Panthoiden
1505 2681 1524 2709 ,
1574 2655 1605 2695 e
1650 2653 1872 2716 genere
1917 2631 2025 2694 illo
2062 2631 2515 2716 Trojugenfim,
2550 2633 2658 2716 qui

651 2748 1136 2814 Laomedonteae
1179 2750 1434 2814 iniuriae
1480 2750 1741 2815 fuissent
1782 2752 2083 2815 immunes
2132 2758 2193 2814 et
2237 2751 2448 2815 relicta
2471 2751 2657 2815 Troia

655 2867 720 2930 in
768 2866 1057 2951 Magnam
1105 2867 1420 2931 Graeciam
1466 2867 1870 2952 migrassent?
1917 2866 2201 2934 Vicissim
2248 2875 2452 2932 autem
2482 2867 2659 2932 Plato

653 3009 766 3048 sua
811 2986 1210 3064 ὑπομνήματα
1255 2987 1310 3050 ei
1355 3009 1420 3050 se
1463 2987 1793 3051 missurum
1840 2987 2190 3073 pollicetur,
2237 2988 2533 3072 promissa
2571 3010 2658 3051 ar-

652 3103 789 3166 cani
835 3102 972 3166 fide.
1064 3101 1208 3167 Olet
1253 3101 1399 3168 haec
1445 3102 1703 3188 epistola
1746 3103 2087 3190 lampadem
2133 3104 2435 3169 Platonici
2480 3107 2657 3169 πυθοι-

649 3220 979 3302 γορίζοντος.

739 3337 779 3402 J
782 3361 880 3402 am
924 3361 1162 3402 summa
1205 3361 1412 3403 eorum
1445 3361 1601 3423 quae
1632 3340 2075 3425 disputavimus
2090 3390 2109 3420 ‚
2159 3349 2231 3404 ut
2260 3343 2469 3426 paucis
2502 3364 2660 3406 com-

653 3452 1055 3543 prehendam,
1132 3458 1256 3521 huc
1316 3458 1492 3522 redit.
1594 3459 2099 3544 Antiquissimam
2146 3483 2274 3525 esse
2318 3459 2658 3546 Epistolam

652 3575 808 3654 VH,
856 3576 1013 3640 hanc
1057 3576 1249 3641 veluti
1294 3577 1659 3662 principium
1706 3584 1768 3641 et
1814 3577 2156 3663 exemplum
2194 3579 2381 3643 fuisse
2412 3579 2656 3658 ceteris3

651 3695 922 3778 proxime
968 3715 1108 3759 cum
1153 3695 1266 3759 hac
1312 3696 1628 3760 cohaerere
1679 3695 1903 3760 VIIIm
1949 3697 2027 3761 ad
2070 3698 2288 3763 Dionis
2336 3700 2559 3763 amicos
2598 3706 2659 3764 et

649 3811 820 3876 HI³¹¹¹
867 3813 945 3876 ad
988 3813 1362 3910 Dionysium⁴
1399 3815 1653 3900 scriptas
1668 3865 1688 3894 ,
1736 3823 1871 3880 tum
1916 3815 2051 3880 Hm
2092 3793 2170 3880 ad
2200 3817 2564 3902 Dionysium
2598 3827 2659 3882 et

649 3929 809 3992 ΠΜ
870 3931 947 3994 ad
992 3931 1251 3997 Dionem
1269 3983 1288 4011 ,
1338 3933 1556 3996 deinde
1587 3934 1907 4029 'Epistolas
1954 3934 2030 3998 ad
2063 3934 2359 4013 ὤκνει-505,
2409 3934 2494 4014 V,
2529 3935 2621 3999 VI
2635 3986 2655 4015 ,

651 4048 749 4112 IX
795 4057 857 4112 et
901 4049 980 4112 X.
1061 4051 1156 4114 Ab
1202 4051 1298 4114 his
1345 4051 1662 4117 voluntate
1708 4052 2026 4118 dissentire
2072 4053 2223 4118 duas
2266 4025 2533 4138 reliquas
2580 4056 2655 4118 ad

652 4167 1050 4252 Dionysium,
1097 4170 1131 4233 I
1179 4177 1239 4234 et
1283 4170 1482 4249 XIII3
1532 4171 1791 4256 denique
1838 4195 2082 4257 prorsus
2124 4174 2363 4258 ineptas
2402 4196 2529 4237 esse
2562 4173 2656 4238 XI

656 4293 717 4350 et
762 4286 910 4351 XII.
