3092 5084
1395 476 1520 536 215

448 680 857 764 sophistarum
920 679 1246 762 ἀπόρρητα,
1313 689 1381 744 ut
1441 681 1505 745 in
1554 681 1882 746 Theaeteto
1931 707 1989 767 p.
2046 687 2168 748 152
2219 683 2270 746 E
2289 734 2306 760 ,
2359 684 2464 748 ubi

446 799 507 861 in
572 798 969 883 Protagoram
1028 798 1217 863 dicit:
1290 802 1439 865 τοῦθ’
1487 805 1624 877 ἡμῖν
1685 803 1792 876 μὲν
1846 801 1969 884 ᾖνίξ
1973 827 2080 866 ατο
2137 805 2216 884 τῷ
2263 808 2462 882 πολλῷ

447 921 747 999 συρφετῷ,
810 924 929 988 τοῖς
983 918 1039 982 δὲ
1085 920 1379 994 ,ααθηπιῖς
1426 921 1483 983 ἐν
1527 920 1819 1001 ὥπορῤήτῳ
1864 921 1967 995 τὴν
2011 921 2288 996 ἁληθείαν
2337 923 2462 986 ἔλε-

446 1059 573 1113 γεν.
666 1035 759 1099 Cf.
806 1035 954 1100 ibid.
1005 1059 1064 1121 p.
1120 1039 1241 1100 155
1290 1037 1364 1101 Ε.
1402 1038 1450 1121 1)

536 1153 698 1238 Ergo
744 1176 901 1238 quae
947 1155 1021 1219 de
1068 1177 1285 1219 arcana
1332 1163 1391 1220 et
1422 1159 1848 1234 αἱνιγματωδεῖ
1876 1157 2152 1222 Platonis
2185 1159 2464 1223 doctrina

444 1271 758 1348 feruntur,
808 1294 878 1336 ea
922 1280 1067 1336 sunt
1112 1280 1453 1336 commenta
1498 1274 1794 1338 seriorum
1825 1274 2318 1354 Platonicorum,
2353 1277 2462 1360 qui

446 1398 517 1452 ut
563 1399 823 1475 augusta
868 1390 1130 1475 quadam
1176 1391 1512 1456 divinitatis
1555 1393 1754 1478 specie
1793 1393 2068 1458 Platonis
2100 1396 2458 1480 sapientiam

444 1517 763 1586 ornarent,
827 1510 1111 1594 mysteria
1169 1509 1576 1594 Pythagorica
1635 1512 1700 1574 in
1762 1511 2152 1576 Academiam
2199 1520 2462 1577 transtu-

443 1626 667 1690 lerunt.

1380 1895 1518 1976 §a

730 2159 999 2223 Platonis
1041 2183 1188 2246 quae
1205 2162 1501 2246 seruntur
1544 2159 1806 2241 ἄγραφα
1853 2162 2153 2237 δόγματα.

1045 2281 1379 2360 Διαιρέσεις.
1450 2279 1833 2361 Πυθαγόρεια.

530 2517 919 2603 Quamquam
966 2529 1172 2583 autem
1219 2525 1457 2582 constat
1501 2518 1820 2582 Platonem
1871 2517 2105 2581 nullam
2147 2516 2458 2580 doctrinae

440 2645 670 2723 partem
732 2638 893 2701 intra
946 2637 1187 2701 scholae
1232 2637 1530 2701 cancellos
1579 2637 1876 2701 reclusam
1908 2637 2178 2699 tenuisse
2195 2685 2214 2712 ,
2249 2657 2456 2699 verum

441 2756 516 2820 de
578 2755 946 2840 gravissimis
1008 2755 1467 2840 quaestionibus
1528 2755 1755 2840 placita
1816 2777 1927 2818 sua
1972 2754 2173 2839 palam
2221 2753 2459 2817 enunti-

442 2897 571 2938 asse
626 2881 687 2938 et
729 2873 988 2958 dialogis
1036 2873 1330 2951 edidisse,
1380 2873 1733 2938 ferebantur
1778 2881 1982 2937 tamen
2021 2873 2150 2958 jam
2197 2872 2460 2954 antiqui-

440 3001 541 3058 tus
588 2992 863 3056 Platonis
910 2994 1170 3073 ἄγραφα
1217 2991 1513 3075 quaedam
1562 2991 1877 3070 δόγματα,
1928 2991 1986 3054 h.
2037 3013 2088 3055 e.
2123 2990 2271 3054 talia
2302 3012 2458 3075 quae

444 3119 552 3175 aut
598 3133 699 3175 ore
746 3110 971 3174 tradita
1017 3118 1122 3174 aut
1168 3111 1233 3174 in
1264 3110 1709 3174 commentariis
1742 3116 1954 3174 notata
1984 3083 2109 3172 non
2141 3109 2204 3172 in
2237 3108 2456 3193 vulgus

408 3229 603 3294 elata
648 3237 882 3305 essent,
932 3229 1038 3293 sed
1084 3228 1480 3294 familiaribus
1538 3237 1782 3294 tantum
1828 3235 2122 3314 paterent.
2163 3228 2294 3292 ‘Ad
2340 3229 2458 3292 hoc

442 3371 636 3434 genus
684 3357 959 3433 spectant
1005 3370 1160 3432 quae
1208 3348 1498 3433 leguntur
1541 3347 1735 3432 Epist.
1773 3346 1900 3411 VII
1916 3396 1934 3425 ,
1969 3371 2028 3432 p.
2065 3349 2194 3411 344
2227 3347 2314 3425 E,
2350 3347 2458 3412 ubi

442 3468 728 3552 scriptor,
791 3466 1235 3552 reprehendens
1285 3465 1651 3550 Dionysium
1682 3465 1848 3550 quod
1882 3465 2302 3551 philosophiae
2335 3464 2459 3550 pla-

443 3588 563 3652 cita
606 3586 931 3665 edidisset,
976 3586 1125 3650 haec
1172 3585 1353 3649 dicit:
1394 3585 1527 3650 οὔτε
1566 3585 1684 3666 γαρ
1725 3574 2248 3662 ὑπομνημάτων
2280 3584 2457 3664 χάριν

442 3706 577 3772 αὔτ’
622 3705 881 3786 ἔγραψεν
902 3727 916 3742 ·
956 3706 1107 3771 οὐδὲν
1148 3706 1266 3785 γαρ
1320 3704 1488 3769 δεινὸν
1527 3706 1612 3782 μή
1651 3729 1740 3775 τις
1775 3705 1910 3769 αὔτ’
1939 3704 2318 3785 ἐπιλάθηται,
2355 3704 2456 3768 ἐὰν

442 3824 611 3902 ἅπαξ
648 3835 719 3908 τῇ
759 3834 934 3906 ψυχῇ
965 3824 1289 3907 περιλάβῃ·
1316 3823 1549 3888 πάντων
1572 3827 1690 3902 γαρ
1716 3825 1773 3887 ἐν
1803 3822 2210 3904 βραχυτάτοις
2241 3831 2450 3888 κεῖται.

510 4172 559 4232 1)
596 4172 771 4222 Mirum
806 4172 1044 4236 quomodo
1078 4171 1470 4236 wyttenbachius
1503 4171 1561 4220 ad
1615 4170 1794 4220 Phaed.
1829 4187 1876 4234 p.
1915 4168 2008 4220 137
2045 4168 2161 4217 haec
2197 4167 2342 4217 verba
2382 4167 2452 4216 ita

444 4268 655 4331 accipere
688 4268 927 4333 potuerit,
964 4267 1096 4332 quasi
1129 4269 1269 4317 Plato
1304 4268 1395 4331 ipsi
1430 4267 1615 4318 Socrati
1652 4269 1901 4335 ἀπόῥρητα
1934 4264 2161 4329 quaedam
2197 4264 2395 4312 tribuat.
