3092 5084
1362 451 1485 514 173

403 655 469 720 in
512 656 862 742 Aegyptum
907 679 940 721 e
986 657 1171 720 simili
1225 678 1469 721 causam
1514 657 1726 721 fictum
1771 676 1919 722 esse.
2013 657 2212 722 Nemo
2257 659 2418 722 em'm

404 775 677 860 ignorat,
725 785 957 860 quanto
1000 775 1205 840 studio
1246 775 1644 841 Alexandrini
1675 777 1992 841 ostendere
2023 778 2226 844 conati
2257 779 2413 856 sint,

405 894 601 958 omnis
640 893 1011 964 Graecorum
1064 895 1462 959 humanitatis
1509 902 1570 959 et
1609 896 1940 980 sapientiae
1971 898 2321 982 Aegyptum
2352 902 2413 962 et

410 1010 724 1077 Orientem
769 1014 942 1098 quasi
988 1012 1361 1077 incunabula
1404 1013 1612 1077 fuisse.
1643 1014 1691 1098 1)

494 1130 713 1217 Neque
761 1155 903 1197 vero
933 1133 1009 1197 iis
1042 1133 1149 1217 qui
1177 1131 1450 1197 Platonis
1482 1132 1843 1218 sapientiam
1865 1131 1940 1197 ab
1965 1130 2234 1196 Orientis
2257 1153 2415 1196 com-

406 1252 629 1317 mercio
682 1259 953 1342 repetere
980 1250 1207 1317 vellent
1224 1302 1242 1330 ,
1267 1252 1493 1317 indicia
1516 1251 1722 1316 deesse
1752 1258 2034 1337 poterant
2062 1251 2228 1317 unde
2259 1253 2414 1317 eius-

405 1371 574 1435 modi
634 1370 785 1455 quid
831 1371 1150 1436 efficerent.
1243 1370 1322 1435 In
1364 1370 1693 1434 Phaedone
1735 1393 1796 1455 p.
1850 1373 1930 1436 78
1972 1369 2262 1434 audimus
2307 1369 2412 1434 So·

408 1497 639 1554 cratem
708 1489 785 1554 ad
852 1491 1073 1554 amicos
1090 1539 1109 1568 ,
1174 1489 1282 1576 qui
1327 1489 1664 1554 discessum
1710 1491 1839 1553 eius
1886 1489 2214 1574 lugebant,
2263 1487 2412 1554 haec

410 1609 741 1674 dicentem:
790 1612 981 1685 πολλὴ
1028 1611 1133 1686 μὲν
1182 1613 1215 1686 ἧ
1260 1608 1483 1682 Ἑλλάς
1502 1661 1521 1684 ‚
1569 1605 1610 1674 ὦ
1655 1609 1848 1686 Κέβης
1867 1661 1884 1684 ,
1933 1610 1990 1674 ἐν
2035 1606 2072 1692 ᾖ
2115 1609 2282 1674 ἔνεισί
2303 1632 2414 1674 που

404 1729 615 1806 ἁγαθοὶ
662 1727 855 1809 ἄνδρες
871 1779 891 1812 ,
937 1730 1137 1794 πολλοὶ
1181 1729 1240 1794 δὲ
1284 1729 1381 1794 καὶ
1426 1730 1509 1794 τὰ
1554 1733 1665 1794 τῶν
1707 1727 2023 1807 βαρβαρων
2067 1729 2206 1806 γένη
2223 1777 2242 1810 ,
2289 1720 2412 1802 οὓς

406 1845 695 1919 πάντας
753 1849 895 1928 χρὴ
956 1847 1438 1928 διερευνᾶσθαι
1500 1845 1814 1928 ζητοῦντας
1873 1852 2120 1911 τοιοῦτον
2165 1845 2408 1927 ἐπῳδόν,

406 1965 561 2044 μήτε
605 1965 927 2046 χρημάτων
968 1965 1334 2048 φειδομένους
1378 1967 1531 2044 μήτε
1571 1945 1771 2032 πόνωνζ
1821 1963 2033 2046 Quum
2056 1964 2232 2028 Plato
2265 1965 2414 2028 haec

408 2083 714 2149 Socratem
776 2083 1009 2167 aliquot
1066 2085 1239 2148 annis
1298 2092 1436 2171 post
1498 2085 1629 2149 eius
1675 2091 1932 2150 mortem
1978 2084 2280 2148 dicentem
2327 2083 2411 2146 fa-

410 2203 522 2279 cit,
592 2209 796 2287 posset
864 2202 1085 2286 aliquis
1146 2202 1381 2289 opinari
1444 2225 1584 2267 eum
1650 2203 2012 2287 magistrum
2077 2225 2258 2266 suum
2325 2201 2416 2264 in-

412 2320 657 2385 duxisse
716 2319 781 2383 id
842 2320 1229 2399 suadentem,
1278 2320 1445 2405 quod
1503 2323 1634 2406 ipse
1688 2329 1900 2406 postea
1944 2343 2085 2385 cum
2130 2320 2266 2385 aliis
2311 2319 2415 2384 So-

411 2439 591 2503 cratis
652 2437 967 2524 discipulis
1027 2439 1266 2503 fecisset
1281 2466 1300 2518 ;
1363 2462 1561 2524 neque
1620 2439 1686 2504 id
1741 2447 1898 2504 esset
1945 2439 2256 2504 absonum.
2350 2438 2414 2502 Si

409 2565 612 2624 tamen
692 2557 1045 2643 reputamus
1113 2557 1421 2623 Socratem
1488 2558 1682 2624 facete
1741 2565 1804 2622 et
1862 2559 2091 2624 ironice
2165 2557 2266 2622 hic
2328 2557 2415 2621 lo-

408 2678 515 2761 qui
530 2727 549 2756 ,
618 2677 993 2764 probabilius
1060 2684 1151 2741 est
1192 2701 1395 2742 veram
1440 2685 1502 2741 et
1544 2677 1808 2742 Socratis
1860 2684 1922 2742 et
1965 2677 2160 2763 ipsius
2208 2675 2412 2742 Plato·

408 2796 505 2860 nis
562 2802 828 2860 mentem
882 2819 1223 2882 expressam
1278 2819 1407 2862 esse
1464 2797 1562 2860 his
1617 2796 1812 2861 verbis
1859 2818 2014 2880 quae
2059 2794 2268 2860 statim
2314 2792 2415 2859 ad·

415 2915 542 2980 dit:
582 2914 770 2996 ζητεῖν
806 2915 866 2979 δὲ
909 2917 1025 2997 χρὴ
1068 2915 1167 2980 καὶ
1216 2916 1472 2987 αὐτοὺς
1516 2916 2078 2994 μετ’,αξλλήλων·
2124 2911 2256 2986 ἴσως
2295 2914 2414 2996 γὰρ

411 3033 485 3100 ἂν
527 3034 651 3100 οὐδὲ
692 3034 889 3116 ῥαδίως
934 3032 1144 3115 εὕροιτε
1185 3037 1419 3113 μᾶλλον
1456 3035 1613 3111 ὑμῶν
1649 3033 1989 3114 δυναμένους
2024 3038 2194 3099 τοῦτο
2217 3041 2412 3099 ποιεῖν.

413 3153 723 3232 „Maxime
780 3174 921 3216 vero
980 3159 1180 3216 vestro
1241 3153 1306 3218 in
1362 3160 1539 3218 coetu
1601 3152 1870 3237 quaerite
1929 3152 2112 3217 talem
2169 3151 2410 3232 ἐπῳδόν;

413 3272 667 3336 fortasse
710 3271 873 3336 enim
916 3273 1219 3336 neminem
1264 3272 1439 3336 facile
1484 3272 1805 3337 inveniatis
1821 3322 1840 3351 ,
1882 3271 1990 3356 qui
2021 3293 2090 3334 ea
2121 3270 2411 3335 facultate

413 3390 605 3474 magis
651 3412 836 3474 quam
879 3411 985 3454 vos
1030 3390 1201 3455 valea
1232 3390 1290 3455 .”

499 3510 587 3574 At
658 3515 969 3594 praeterea
1026 3531 1152 3573 non
1205 3510 1385 3594 pauci
1446 3516 1592 3574 sunt
1650 3508 1770 3573 loci
1828 3507 1895 3573 in
1950 3507 2208 3573 Platone
2223 3556 2242 3585 ,
2305 3505 2415 3572 ubi

412 3627 785 3694 Phoenicum
800 3677 819 3706 ,
882 3628 1202 3694 Persarum
1217 3679 1236 3707 ,
1296 3630 1736 3715 Aegyptiorum
1781 3628 2158 3712 aliarumque
2203 3625 2412 3693 barba-

414 3767 616 3813 rarum
661 3746 935 3833 gentium
970 3747 1208 3828 ‚mentio
1253 3747 1341 3812 fit.
1388 3747 1767 3811 Phoenicum
1804 3745 2116 3830 ingenium
2149 3744 2416 3809 declarat

414 3863 491 3928 de
534 3863 683 3950 Rep.
725 3863 838 3942 IV,
886 3886 947 3949 p.
981 3866 1109 3928 436
1155 3865 1233 3930 A.
1324 3864 1417 3928 De
1462 3863 1783 3928 Persarum
1813 3863 2112 3928 institutis
2142 3862 2418 3947 loquitur

482 4151 530 4214 1)
563 4151 639 4201 cf.
672 4152 927 4216 scriptores
958 4152 1093 4202 citati
1126 4151 1185 4201 ab
1218 4153 1494 4203 Hermanno
1525 4151 1579 4202 11.
1613 4168 1661 4217 p.
1697 4151 1820 4209 112,
1859 4153 1960 4200 not.
1997 4149 2110 4209 112,
2143 4153 2192 4198 et
2224 4165 2272 4214 p.
2294 4149 2414 4207 114,

418 4249 520 4297 not.
555 4247 667 4296 125.
