3092 5084
1299 542 1303 546 ,
1398 486 1487 566 97,

431 690 823 774 grammatico
885 690 1254 774 incognitam
1313 690 1514 755 fuisse.
1610 689 1673 753 Si
1722 689 2080 755 vocabulum
2130 692 2448 777 λυκοφιλιά

434 831 471 871 a
512 816 721 872 nostro
764 808 1060 894 scriptore
1105 808 1420 873 inventum
1466 817 1655 887 esset,
1703 809 1874 874 laudi
1910 810 1974 874 id
2007 811 2062 875 ei
2092 810 2281 875 tribui
2311 832 2446 895 pos-

433 934 556 1005 set,
618 927 798 991 modo
844 934 981 1013 apte
1028 949 1097 992 eo
1142 948 1291 991 usus
1337 936 1510 993 esset.
1549 930 1600 998 ¹)
1648 927 1713 991 Si
1757 937 2014 1013 tyranno
2060 931 2311 1015 eiusque
2359 951 2450 992 so-

433 1045 673 1110 dalibus
743 1046 1054 1111 tribuisset
1121 1047 1467 1129 λυκοφιλίαν
1490 1097 1507 1125 ,
1561 1050 1854 1113 subdolam
1922 1049 2240 1113 amicitiam
2255 1098 2274 1126 ,
2323 1071 2448 1113 non

432 1170 587 1227 esset
630 1163 1099 1249 vituperandum
1110 1190 1129 1241 3
1178 1163 1283 1228 sed
1328 1163 1492 1248 quod
1524 1165 1641 1229 sibi
1671 1165 1786 1250 ipsi
1818 1166 1938 1230 tale
1969 1166 2119 1251 quid
2149 1168 2443 1251 imputat,

430 1277 535 1357 τ’·ἦν
593 1284 736 1361 ἐμὴν
794 1283 893 1347 καὶ
931 1285 1035 1359 σὺν
1078 1286 1423 1367 λυκοφιλίαν
1441 1334 1460 1367 ,
1506 1284 1626 1347 hoe
1669 1306 1812 1348 sane
1858 1292 1951 1348 est
1995 1284 2258 1349 hominis
2305 1308 2447 1349 suae

431 1400 715 1485 dignitati
768 1423 984 1487 parum
1044 1402 1433 1465 consulentis,

518 1517 761 1583 Finitur
820 1518 967 1583 haee
1027 1520 1314 1604 epistola,
1379 1542 1626 1604 prorsus
1683 1520 1840 1583 sicut
1899 1519 2093 1582 VII¹¹¹³
2104 1569 2124 1599 ,
2193 1542 2448 1584 comme-

429 1636 721 1700 morando
776 1636 1078 1721 colloquio
1123 1637 1485 1722 Dionysium
1530 1638 1690 1701 inter
1735 1646 1796 1701 et
1842 1637 2158 1701 Platonem
2204 1638 2412 1703 habito
2427 1689 2445 1715 ‚

429 1778 550 1840 quo
612 1756 711 1819 hie
766 1757 933 1820 illius
988 1758 1471 1821 criminationem
1516 1757 1760 1820 refut-at.
1853 1756 2056 1821 Etiam
2104 1758 2218 1821 hoc
2267 1758 2448 1821 collo-

428 1876 640 1959 quium
702 1876 772 1939 fit
816 1876 1195 1941 adstantibus
1242 1876 1483 1940 duobus
1532 1877 1773 1954 amieiS‚
1835 1899 2012 1940 scena
2059 1876 2206 1940 item
2253 1886 2344 1941 est
2389 1880 2446 1942 ἐν

428 1996 620 2075 κήπῳ,
682 2002 851 2057 totus
914 1994 1175 2079 denique
1250 1994 1421 2059 locus
1470 1994 1546 2057 ad
1595 1995 1882 2079 epistolae
1927 1995 2057 2059 VII
2103 1996 2445 2081 exemplum

430 2111 605 2175 fictus
666 2134 793 2175 esse
854 2112 1110 2177 videtur.
1208 2112 1484 2196 Utraque
1531 2136 1709 2177 scena
1755 2120 1844 2177 est
1889 2114 2146 2176 imitatio
2193 2113 2450 2177 Socrati-

428 2250 639 2292 corum
701 2228 1079 2315 dialogorum
1099 2281 1115 2307 ,
1178 2231 1327 2294 haec
1372 2231 1679 2315 superiore
1727 2230 1832 2295 illa
1878 2232 2057 2294 etiam
2102 2230 2448 2315 languidior

428 2355 490 2411 et
535 2348 815 2434 ineptior.
1917 2320 1927 2328 ι

516 2465 640 2543 „In
670 2466 849 2531 horto
881 2468 1081 2552 regiae
1114 2466 1282 2551 (dicit
1304 2466 1484 2531 Plato
1506 2467 1582 2531 ad
1599 2464 2005 2553 Dionysium),
2024 2467 2448 2552 praesentibus

428 2582 809 2648 Archedemo
834 2592 895 2648 et
920 2585 1301 2663 Aristocrit0‚
1328 2592 1400 2648 tu
1423 2608 1539 2662 me,
1565 2586 1780 2650 τούτων
1805 2586 2054 2651 ἐναντίον
2078 2586 2445 2663 διηρώτησας,

424 2706 473 2769 εἶ
520 2703 885 2782 μνημονεύω,
933 2708 1069 2769 κατ’
1114 2706 1314 2785 ἀρχὰς
1359 2703 1445 2769 ὅτ’
1496 2703 1658 2781 ἦλθον
1705 2705 1950 2769 κελεύων
1992 2679 2059 2769 οε
2097 2705 2208 2776 τοὶς
2249 2704 2446 2775 πόλεις

422 2822 537 2894 τὰς
590 2812 963 2898 Ἐλληνίδαζ
991 2822 1325 2903 κατοικίζειν
1349 2874 1364 2888 .
1428 2824 1543 2900 ἐγὼ
1604 2822 1663 2886 δὲ
1722 2822 2068 2903 ξυνεχώρουν
2114 2824 2446 2900 μεμνῆσθαι

426 2942 525 3006 καὶ
567 2942 649 3007 ἔτι
688 2946 781 3005 νῦν
818 2964 913 3019 μοι
952 2941 1131 3005 δοκεῖν
1168 2944 1343 3007 ταῦτ’
1382 2938 1526 3007 εἶναι
1567 2940 1898 3019 βέλτισται
1951 2940 2327 3025 „quaerebas
2375 2963 2450 3005 ex
2540 2916 2554 2929 x

428 3082 555 3137 me,
588 3061 1072 3125 meminissemne
1108 3083 1235 3138 me,
1278 3082 1469 3144 quum
1498 3060 1766 3145 primum
1802 3061 1923 3125 huc
1955 3060 2249 3124 venissem
2265 3109 2282 3137 ,
2317 3082 2449 3123 sua-

427 3177 571 3241 dere
616 3178 730 3242 tibi
773 3185 845 3242 ut
891 3178 1152 3243 Graecas
1198 3178 1471 3243 civitates
1517 3178 1888 3243 restitueres·
1981 3177 2115 3262 Ego
2161 3202 2258 3241 me
2304 3178 2449 3242 fate·

426 3296 535 3360 bar
589 3296 932 3361 meminisse
990 3303 1051 3360 et
1096 3295 1350 3381 (addidi)
1397 3296 1461 3361 id
1506 3318 1671 3359 nune
1718 3296 1901 3360 etiam
1948 3296 2245 3381 optimum
2295 3294 2446 3359 mihi

425 3414 677 3478 videri.''
765 3414 1067 3498 Deinceps
1130 3414 1303 3499 quasi
1363 3414 1626 3498 graviter
1677 3413 2030 3497 indignatus
2079 3414 2164 3477 sic
2209 3413 2446 3498 pergit3

424 3533 597 3597 locus
613 3582 632 3611 ‚
674 3533 789 3597 etsi
820 3533 966 3597 satis
999 3533 1253 3617 longuS‚
1294 3540 1498 3596 tamen
1539 3532 1762 3616 dignus
1789 3539 1880 3595 est
1903 3532 2009 3616 qui
2035 3531 2443 3596 describatur:

426 3624 649 3726 Ῥητὲον
698 3650 787 3726 δὲ,
827 3646 868 3715 ὦ
909 3652 1192 3732 Διονύσιε,
1242 3650 1339 3715 καὶ
1374 3653 1440 3715 τὸ
1479 3650 1574 3714 ἐπὶ
1599 3650 1781 3731 τούτῳ
1803 3650 1940 3715 τότε
1960 3649 2172 3731 λεχθέν
2194 3696 2210 3713 .
2238 3650 2447 3729 ἠρόμην

426 3770 513 3847 δὴ,
546 3768 775 3849 πότερον
811 3769 955 3834 αὐτὸ
991 3769 1163 3835 τοῦτό
1196 3793 1279 3835 σοι
1315 3768 1821 3847 ξυμβουλεύσαιμι
1846 3769 2011 3846 μόνον
2035 3770 2067 3844 ἤ
2090 3792 2146 3833 τι
2171 3768 2269 3833 καὶ
2295 3766 2445 3833 ἄλλο

427 3890 561 3969 πρὸς
595 3887 779 3967 τούτῳ
797 3935 812 3950 .
852 3888 923 3953 σὺ
956 3887 1015 3951 δὲ
1037 3887 1135 3951 καὶ
1161 3887 1313 3965 μάλ’
1336 3887 1616 3967 ἀπεκρίνω
1641 3887 2037 3966 μεμηνιμένως
2062 3886 2160 3951 καὶ
2187 3887 2442 3966 ὑβριστι-

425 4013 535 4076 κῶς
578 4010 658 4080 εἷς
704 4008 838 4090 ἐμὲ,
885 4008 959 4079 ὡς
1002 4005 1137 4090 ᾤου,
1182 4008 1261 4073 διὸ
1306 4009 1372 4073 τὸ
1416 4008 1553 4073 τότε
1599 4008 1682 4074 σο)
1721 4007 1981 4087 ὕβρισμα
2013 4012 2108 4072 νῦν
2134 4004 2285 4085 ὕπαρ
2309 4008 2440 4071 ἄντ’

457 4246 463 4253 .
494 4275 541 4335 1)
576 4274 741 4325 Simile
774 4280 846 4324 est
881 4276 1157 4327 vocabulum
1195 4278 1319 4340 quod
1354 4276 1529 4342 legitur
1566 4276 1616 4325 in
1649 4276 1738 4340 Ep.
1762 4274 1875 4333 Vn,
1900 4291 1947 4339 p.
1981 4275 2077 4322 350
2097 4273 2154 4331 C,
2174 4276 2445 4339 §mum-ta

2172 4371 2206 4391 μυ

2177 4386 2198 4427 d
