3092 5084
1650 437 1729 496 16

769 638 922 704 Cum
985 640 1092 704 illa
1136 639 1391 725 epistola
1435 647 1667 705 ceterae
1714 640 1765 706 si
1811 641 2241 719 conferuntur,
2309 664 2512 708 earum
2535 703 2539 708 .
2561 642 2683 726 ple·

674 782 898 843 raeque
912 809 931 837 ‚
966 759 1080 822 etsi
1110 766 1467 843 argumento
1500 766 1562 823 et
1593 759 1791 823 colore
1821 759 1961 844 plus
1992 760 2269 824 minusve
2300 759 2645 846 discrepant
2660 811 2679 838 ‚

675 899 817 942 cum
875 878 982 942 illa
1040 885 1244 942 tamen
1310 885 1544 943 tantam
1614 877 1841 942 habent
1902 879 2386 943 convenientiam
2442 886 2503 942 et
2546 900 2683 942 con-

669 995 1047 1081 junctionem
1065 1046 1084 1074 ‚
1145 1003 1220 1060 ut
1265 1019 1338 1061 ex
1383 1019 1453 1062 ea
1498 996 1672 1081 quasi
1717 996 2041 1082 pendeant.
2136 997 2213 1061 In
2259 997 2541 1061 omnibus
2587 996 2683 1059 his

676 1121 1016 1178 tractantur
1074 1138 1168 1179 res
1231 1138 1386 1199 quae
1445 1115 1510 1179 in
1571 1115 1679 1191 illa
1739 1123 1847 1178 aut
1906 1115 2101 1179 levius
2164 1123 2271 1179 aut
2339 1115 2718 1202 accuratius

601 1306 606 1313 .
675 1239 1052 1318 tanguntur3
1118 1233 1184 1297 in
1247 1234 1528 1298 omnibus
1591 1232 1713 1299 fere
1758 1233 1919 1298 idem
1965 1257 2176 1298 55115115
2192 1284 2211 1312 ,
2273 1233 2482 1298 eadem
2526 1211 2681 1298 ratio

677 1373 746 1414 ac
792 1351 1108 1428 voluntas3
1157 1352 1345 1418 dictio
1393 1376 1637 1439 quoque
1666 1353 1878 1418 multis
1909 1353 2183 1439 partibus
2215 1353 2449 1417 similis.
2498 1353 2679 1418 Unde

680 1493 803 1534 non
849 1471 1074 1556 injuria
1118 1471 1270 1536 effici
1309 1462 1482 1557 posse
1513 1472 1665 1536 mihi
1695 1471 1965 1551 videtur,
1998 1471 2337 1558 Epistolam
2370 1471 2498 1536 VH
2528 1478 2685 1536 cete-

679 1591 762 1654 ris
809 1590 1083 1675 exemplo
1130 1591 1317 1654 fuisse
1332 1617 1349 1668 3
1397 1591 1541 1655 hinc
1588 1598 1660 1655 ut
1704 1615 1735 1655 e
1766 1592 1949 1684 ¹'fonte
1992 1591 2220 1655 rivulos
2258 1591 2523 1674 reliquas
2547 1613 2680 1654 ena-

682 1714 773 1770 tas
821 1729 984 1786 esse,
1020 1730 1255 1792 easque
1298 1731 1422 1773 non
1468 1709 1543 1773 ab
1591 1732 1715 1773 uno
1769 1708 2014 1794 quidem
2066 1709 2270 1787 fabr0,
2318 1716 2380 1773 at
2431 1732 2502 1773 ex
2554 1731 2681 1772 una

679 1833 885 1890 tamen
928 1825 1168 1890 officina
1213 1850 1340 1891 5555
1386 1827 1685 1912 profectas
1774 1827 1891 1892 Res
1938 1827 2208 1914 postulat
2253 1835 2323 1892 ut
2368 1827 2433 1891 id
2471 1829 2679 1912 paucis

681 1943 1069 2028 explicemus,

767 2061 1079 2146 Epistulae
1125 2062 1252 2128 VII
1297 2071 1655 2148 argumento
1702 2029 2006 2148 proximae
2052 2071 2197 2128 sunt
2240 2064 2345 2128 III
2391 2073 2451 2128 et
2497 2063 2678 2128 VIII.

678 2179 913 2245 Harum
958 2181 1090 2245 ΠΡ
1149 2182 1404 2245 maxime
1451 2183 1736 2247 convenit
1781 2205 1920 2269 cum
1966 2205 2036 2246 ea
2080 2189 2250 2268 parte
2297 2182 2423 2246 VII
2432 2195 2479 2225 ’θ
2524 2205 2679 2266 quae

675 2299 741 2362 in
815 2299 1136 2363 itineribus
1197 2300 1544 2364 enarrandis
1605 2307 1911 2364 versatur:
1976 2300 2070 2364 uti
2126 2299 2275 2366 haec
2336 2300 2676 2385 apologiam

679 2415 952 2480 continet
1013 2417 1087 2480 ad
1140 2416 1358 2481 Dionis
1403 2418 1812 2503 propinquos,
1860 2417 1947 2480 sic
1992 2417 2099 2481 illa
2144 2426 2235 2482 est
2280 2417 2558 2502 apologia
2602 2418 2680 2482 ad

677 2534 1041 2618 Dionysium
1055 2585 1074 2613 ‚
1140 2557 1262 2620 qua
1321 2534 1496 2600 Plato
1543 2535 1619 2599 ab
1664 2535 1831 2600 illius
1878 2536 2401 2602 criminationibus
2440 2560 2503 2601 55
2540 2560 2681 2623 pur-

676 2659 814 2736 gat,
891 2653 1124 2716 itineris
1193 2654 1514 2738 utriusque
1591 2653 1913 2737 Syracusas
1990 2656 2257 2740 suscepti
2310 2657 2573 2720 rationes
2620 2663 2681 2720 et

677 2777 928 2834 eventus
975 2771 1349 2856 exponendo,
1440 2771 1653 2836 Tanta*
1682 2781 1773 2836 est
1818 2779 2020 2836 autem
2066 2766 2405 2857 argumenti
2451 2781 2513 2838 et
2556 2797 2683 2838 ora-

677 2890 861 2953 tionis
929 2889 1266 2954 similitudo
1281 2939 1301 2970 ,
1365 2899 1436 2954 ut
1495 2892 1756 2976 quisquc
1818 2891 2021 2955 statim
2083 2899 2369 2976 agnoscat
2428 2892 2673 2956 alteram

677 3030 750 3072 ex
794 2981 983 3072 altera
1025 3031 1247 3094 magna
1291 3031 1399 3094 pro
1445 3017 1617 3094 parte
1663 3009 2007 3095 decerptam
2053 3017 2113 3073 et
2152 3032 2489 3093 expressam
2529 3033 2675 3074 5555.

677 3125 1119 3212 Comparent'ur
1163 3127 1344 3191 modo
1389 3128 1550 3193 inter
1596 3151 1659 3191 se
1705 3128 1770 3191 hi
1816 3127 1969 3192 loci:

767 3242 882 3329 Ep.
925 3243 1047 3308 III.
1095 3268 1155 3330 p.
1183 3247 1309 3308 316
1335 3243 1535 3311 0-317
1565 3245 1618 3308 E
1642 3268 1784 3310 cum
1804 3245 1919 3330 Ep.
1946 3245 2091 3309 VII.
2128 3268 2184 3330 p.
2212 3247 2338 3309 338
2415 3242 2572 3310 4340

1099 3386 1159 3448 p.
1187 3365 1311 3430 317
1339 3363 1545 3427 E-318
1572 3364 1625 3429 E
1692 3413 1732 3444 ‚‚
2002 3413 2041 3444 ‚‚
2135 3388 2195 3450 p.
2223 3367 2349 3427 345
2378 3362 2576 3430 0-347
2603 3364 2675 3434 E.

1096 3505 1156 3567 p.
1184 3485 1309 3546 319
1361 3505 1492 3568 sqq.
1688 3532 1728 3563 ‚,
1996 3531 2036 3562 ‚,
2128 3507 2188 3568 p.
2216 3484 2341 3546 348
2368 3465 2569 3546 0-350

768 3601 1044 3686 Epistola
1102 3609 1306 3667 autem
1365 3600 1528 3667 VIII
1545 3651 1563 3680 ,
1621 3625 1803 3688 quam
1849 3625 2161 3688 perperam
2207 3603 2491 3666 nonnulli
2536 3625 2676 3666 cum

678 3716 807 3783 VII
866 3719 1350 3805 conjungendam
1413 3727 1745 3804 putarunt,
1792 3721 1935 3784 huic
1982 3721 2177 3784 affinis
2223 3728 2317 3785 est
2360 3743 2465 3798 eo,
2514 3720 2678 3804 quod

677 3836 930 3901 consilia
991 3837 1056 3901 in
1118 3839 1316 3923 priore
1377 3839 1634 3923 epistola
1691 3839 1907 3904 Dionis
1969 3839 2175 3905 amicis
2237 3840 2379 3903 data
2441 3863 2499 3925 p.
2549 3841 2675 3904 336

677 3953 948 4020 Β-337
983 3955 1036 4020 E
1053 4005 1072 4034 ,
1119 3956 1184 4020 in
1229 3957 1344 4020 hac
1388 3956 1574 4022 latius
1621 3963 1683 4022 et
1727 3959 1999 4022 ornatius
2046 3965 2453 4043 exponuntur.

766 4070 986 4155 Itaque
1049 4080 1170 4137 tres
1230 4075 1344 4138 hae
1391 4075 1681 4160 epistolae
1746 4083 1814 4139 ut
1858 4082 2214 4160 argumento
2260 4076 2351 4139 ita
2396 4075 2679 4140 dictionis

677 4189 876 4253 colore
921 4190 1070 4254 adeo
1118 4191 1342 4257 similes
1382 4198 1563 4271 sunt,
1625 4201 1699 4257 ut
1743 4193 1817 4258 ab
1849 4216 1973 4257 uno
2004 4201 2248 4258 auctore
2278 4193 2515 4278 possint
2543 4215 2671 4257 esse
