3092 5084
1369 517 1491 578 193

413 719 723 784 communi
765 739 933 786 more
947 769 967 798 ,
1014 741 1140 784 non
1153 769 1173 798 ,
1220 727 1295 786 ut
1338 721 1403 786 in
1448 691 1730 806 Epistola
1744 771 1765 801 ,
1813 723 2065 788 definita
2095 731 2158 787 et
2187 724 2434 811 propria

415 836 736 903 verborum
796 838 1234 925 significatione
1280 840 1499 906 utitur.

502 955 673 1022 Haec
733 956 809 1024 de
860 957 1175 1043 principiis
1220 959 1443 1042 quibus
1488 959 1826 1025 secundum
1873 959 2192 1046 epistolam
2239 961 2460 1026 scien-'

413 1075 501 1138 tia
544 1074 785 1142 nititur.
854 1075 1062 1163 Ipsam
1107 1084 1312 1142 autem
1351 1076 1828 1164 disputationem
1874 1079 2154 1164 quisquis
2193 1087 2428 1146 attente
2546 1099 2547 1102 ’

411 1193 627 1278 legerit
642 1244 660 1272 ‚
723 1194 926 1260 omnia
982 1202 1110 1260 tam
1174 1196 1427 1260 confuse
1486 1203 1734 1281 tamque
1786 1196 2044 1262 obscure
2089 1197 2256 1262 dicta
2299 1219 2428 1264 esse

412 1312 702 1377 fatebitur
715 1362 735 1392 ,
801 1321 873 1378 ut
929 1336 1136 1378 revera
1193 1315 1536 1402 aenigmata
1594 1314 1765 1400 loqui
1820 1316 2080 1403 scriptor
2132 1315 2430 1382 videatur.

413 1430 692 1517 Exempli
738 1433 933 1518 gratia
976 1433 1276 1498 nonnulla
1321 1432 1585 1501 afferam.

500 1668 835 1753 Postquam
895 1671 1167 1755 quinque
1228 1669 1335 1734 illa
1393 1669 1599 1755 qualia
1643 1671 1768 1734 sint
1814 1671 2108 1757 explicuit
2152 1670 2428 1756 dixitque

412 1809 483 1851 ea
527 1787 605 1851 ad
650 1789 856 1855 omnia
896 1796 1023 1854 tam
1068 1811 1353 1874 corporea
1400 1811 1584 1873 quam
1632 1789 1900 1854 animata
1943 1791 2245 1876 pertinere
2260 1841 2279 1869 ‚
2327 1789 2430 1855 ad-

404 1905 541 1990 jicit
586 1907 767 1972 haec:
813 1911 875 1974 οὐ
914 1909 1065 1990 γὰρ,
1116 1907 1189 1974 ἂν
1234 1909 1446 1974 τούτων
1490 1911 1577 1986 μή
1620 1933 1708 1982 τις
1746 1911 1844 1975 τοὶ
1888 1909 2217 1989 τέττοοροο
2262 1908 2429 1990 λάβῃ

410 2026 801 2111 ἀμωσγέπως,
833 2027 1039 2092 οὔποτε
1059 2028 1270 2098 τελέως
1295 2029 1623 2106 ἐπιστήμης
1661 2033 1781 2095 τοῦ
1812 2028 2150 2106 πέμπτου
2172 2027 2426 2110 μέτοχος

410 2143 595 2210 ἔσται.
688 2143 1007 2224 Quaenam
1067 2152 1215 2210 sunt
1271 2144 1379 2209 illa
1442 2144 1751 2230 quatuor?
1839 2143 2150 2210 Nimirum
2211 2146 2391 2225 ὄνομα
2405 2197 2424 2231 ,

408 2259 579 2340 λόγος
596 2313 613 2344 ,
662 2263 887 2329 εἴδωλον
903 2314 921 2347 ,
970 2265 1297 2342 ἐπιστήμης
1348 2265 1554 2348 inepte
1601 2286 1743 2348 ergo
1789 2265 1855 2328 in
1890 2263 2141 2349 apodosi
2181 2264 2421 2340 ἐπιστή-

409 2404 524 2457 μης
563 2381 926 2447 vocabulum
963 2381 1240 2446 additum
1281 2390 1406 2461 est,
1453 2382 1620 2467 quod
1660 2383 1861 2447 omitti
1892 2381 2124 2448 debuit.
2171 2382 2426 2448 Poterat

408 2497 493 2561 sic
539 2497 765 2564 dicere:
813 2497 885 2565 ἂν
930 2501 1015 2579 μή
1052 2525 1139 2572 τις
1175 2506 1307 2566 τῶν
1344 2502 1457 2582 τρί
1466 2525 1550 2567 ων
1587 2501 1912 2579 ἐπιστήμην
1953 2501 2121 2584 λάβῃ
2143 2501 2424 2580 ἁμωσγέ-

407 2640 529 2689 πως
545 2665 561 2692 ,
604 2617 819 2684 οὔποτε
862 2618 1073 2691 τελέως
1120 2620 1446 2698 ἐπιστήμης
1497 2626 1601 2686 τοῦ
1640 2619 1914 2698 πέμπτου
1946 2620 2199 2701 μέτοχος
2233 2619 2421 2685 ἔσται.

407 2733 757 2815 Quominus
811 2743 1014 2802 autem
1060 2737 1145 2801 sic
1192 2738 1593 2822 εστι-13616115,
1641 2759 1850 2803 cavere
1872 2759 1984 2802 nos
2014 2745 2221 2802 monet
2253 2737 2420 2822 quod

408 2854 591 2918 etiam
652 2854 811 2920 inira
866 2855 949 2920 τὰ
1001 2857 1262 2935 τέτταρας
1307 2856 1676 2941 copulantur
1721 2863 1782 2921 et
1825 2856 2118 2933 ἐπιστήμη
2166 2855 2419 2940 reliquis

406 2973 604 3038 tribus
650 2981 943 3060 tanquam
991 2975 1187 3040 simile
1234 2984 1687 3042 annumeratur.
1779 2975 1880 3042 Ita
1925 2999 1984 3062 p.
2019 2979 2147 3040 343
2181 2975 2268 3039 B:
2312 3000 2421 3055 μυ·

294 3156 299 3160 .
405 3092 513 3172 ρίος
559 3091 618 3156 δὲ
661 3092 834 3172 λόγος
880 3094 1006 3173 περὶ
1045 3095 1290 3160 ἑκάστου
1321 3101 1456 3161 τῶν
1485 3093 1846 3175 τεττάρων
1876 3097 1949 3168 ὥς
1979 3095 2236 3178 ἀσαφές.
2270 3092 2418 3158 ibid.

404 3209 490 3273 C:
553 3211 620 3276 τὸ
679 3213 764 3291 μὴ
822 3211 1157 3294 ζητούμενον
1216 3211 1458 3279 ἕκαστον
1509 3219 1639 3277 τῶν
1682 3213 2057 3293 τεττάρων.
2120 3210 2270 3278 ibid.
2318 3211 2418 3275 D:

404 3329 724 3407 δυναμένων
776 3329 837 3396 δὲ
879 3329 972 3396 τὰ
1014 3330 1339 3412 τέτταρσι
1383 3330 1741 3413 διοορρίπτειν.

494 3447 797 3534 Deinceps
844 3449 940 3512 sic·
975 3449 1175 3535 pergit
1218 3471 1280 3533 p.
1328 3452 1457 3514 342
1504 3448 1595 3513 E:
1643 3449 1778 3532 πρὸς
1829 3449 1949 3528 γὰρ
1994 3450 2212 3520 τούτοις
2242 3451 2418 3514 ταῦτ’

402 3567 545 3648 οὐχ’
575 3565 743 3644 ἦττον
794 3569 1085 3649 ἐπιχειρεῖ
1138 3569 1204 3634 τὸ
1258 3569 1415 3634 ποῖόν
1457 3591 1514 3634 τι
1565 3568 1690 3649 περὶ
1735 3565 1979 3634 ἕκαστον
2023 3568 2226 3644 δηλοῦν
2271 3567 2304 3644 ἢ
2350 3566 2418 3632 τὸ

405 3684 463 3750 ὃν
522 3685 767 3752 ἑκάστου
824 3686 920 3752 διὰ
977 3687 1044 3752 τὸ
1101 3693 1213 3752 τῶν
1262 3685 1455 3765 λόγων
1498 3687 1752 3759 ἀσθενές.
1821 3685 1982 3750 Sunt
2025 3684 2174 3750 haec
2219 3685 2420 3771 aenig—

403 3802 551 3868 mati
610 3802 849 3868 similia.
942 3802 1084 3883 Quo
1143 3803 1404 3868 refertur
1464 3806 1602 3885 πρὸς
1655 3803 1914 3876 roth-014?
2008 3802 2152 3883 Quo
2213 3810 2418 3868 autem

402 3921 644 3988 wb'w?
750 3919 891 4002 Qua
949 3923 1185 3987 ratione
1245 3923 1393 3987 haec
1454 3943 1598 3988 cum
1657 3921 2052 4008 praecedente
2114 3921 2416 3987 sententia

405 4061 512 4126 per
570 4039 930 4126 particulam
990 4041 1109 4123 γὰρ
1162 4041 1655 4106 connectuntur?
1729 4041 2038 4106 Ponamus
2083 4047 2284 4107 τοιῢτοο
2325 4062 2414 4106 re·

400 4157 542 4224 ferri
604 4158 679 4224 ad
748 4161 829 4225 τοὶ
874 4160 1167 4243 τέτταρα,
1216 4182 1431 4225 sensus
1477 4158 1578 4225 hic
1624 4159 1846 4226 exibit:
1894 4158 2226 4240 „Quatuor
2269 4157 2412 4237 illa,

400 4300 653 4356 nomen,
717 4277 1024 4357 definitio,
1087 4280 1321 4365 imago,
1380 4281 1665 4357 scientia,
1729 4302 1852 4344 non
1899 4281 2104 4343 minus
2150 4277 2412 4343 tendunt

1729 4389 1736 4396 ’
2094 4397 2170 4455 18
