3092 5084
1382 457 1495 519 177

431 661 591 725 fama
651 661 801 740 niti,
868 683 989 746 qua
1050 661 1269 725 sensim
1318 669 1622 726 crescente
1676 683 1769 725 res
1816 662 2186 747 pedetentim
2231 673 2440 726 auctas

431 789 493 844 et
536 779 927 866 amplificatas
972 780 1038 844 in
1084 780 1401 845 historiam
1446 801 1847 866 permanasse.

518 897 583 964 Si
641 908 845 964 tamen
894 905 1171 984 receptae
1214 897 1407 964 famae
1452 920 1579 962 non
1625 921 1864 964 omnem
1909 900 2209 985 denegare
2255 899 2438 966 fidem

428 1016 712 1082 volumus
727 1067 747 1096 ,
810 1006 1201 1082 statuendum
1264 1016 1379 1081 erit
1392 1067 1411 1094 ,
1474 1015 1749 1081 Platonis
1796 1019 2326 1084 commorationem
2372 1019 2436 1082 in

427 1136 708 1222 Aegypto
754 1159 866 1201 nec
910 1144 1035 1202 tam
1077 1136 1434 1200 diuturnam
1481 1136 1670 1200 fuisse
1715 1159 1826 1201 nec
1867 1144 2108 1202 tantum
2149 1138 2436 1202 habuisse

426 1254 503 1319 ad
559 1250 873 1340 ingenium
920 1257 1049 1320 eius
1097 1263 1159 1321 et
1202 1255 1540 1320 doctrinam
1589 1256 1977 1320 excolendam
2027 1257 2316 1320 momenti
2362 1263 2435 1320 ut

427 1374 610 1460 vulgo
662 1375 963 1440 creditum
1007 1384 1117 1440 est.
1152 1377 1197 1461 ι)

512 1611 669 1677 Iter
714 1597 1067 1698 Cyrenen.
1137 1611 1342 1676 Huius
1388 1613 1624 1676 itineris
1671 1635 1706 1676 a
1751 1613 1962 1676 ceteris
1998 1611 2430 1696 scriptoribuS,

423 1731 689 1816 exceptis
748 1731 1023 1816 Diogene
1084 1738 1145 1795 et
1204 1731 1467 1816 Apuleio
1528 1733 1737 1815 (supra
1797 1754 1856 1816 p.
1911 1733 2094 1814 165),
2145 1731 2318 1794 nulla
2363 1732 2473 1795 fit·

420 1851 648 1914 mentio
664 1901 683 1928 ,
754 1849 920 1934 quod
988 1858 1193 1915 tamen
1253 1849 1328 1913 ad
1390 1849 1569 1914 fidem
1631 1849 1717 1915 rei
1763 1849 2242 1914 labefactandam
2304 1872 2428 1913 non

420 1969 597 2035 valet.
692 1967 902 2048 Quum
964 1969 1122 2034 enim
1182 1969 1365 2032 ceteri
1411 1975 1686 2033 auctores
1701 2018 1719 2047 ,
1769 1967 1979 2032 Cicero
1996 2018 2014 2047 ,
2065 1967 2430 2048 Quinctilio,-

419 2111 570 2166 nuS,
598 2090 644 2171 2)
698 2087 1171 2173 Olympiodorus
1189 2137 1207 2166 ,
1278 2109 1349 2150 ea
1408 2095 1648 2152 tantum
1695 2088 1912 2151 itinera
1957 2087 2430 2151 commemorent

416 2229 449 2270 e
511 2207 731 2290 quibus
792 2207 969 2270 Plato
1030 2207 1361 2292 plurimum
1407 2205 1485 2269 ad
1530 2206 1977 2291 philosophiam
2032 2207 2417 2291 profecisset,

418 2325 495 2390 ad
555 2324 963 2410 Pythagoreos
1011 2325 1074 2388 in
1136 2323 1373 2388 Italiam
1423 2331 1485 2387 et
1528 2324 1592 2388 in
1643 2326 1989 2409 Aegyptum
2036 2323 2112 2386 ad
2159 2323 2430 2387 sacerdo-

414 2451 506 2508 tes
556 2443 958 2516 consulendos
974 2493 993 2522 ,
1042 2443 1221 2509 licuit
1263 2444 1338 2507 iis
1386 2441 1786 2528 Cyrenaicum
1832 2442 1986 2506 illud
2033 2443 2180 2521 iter,
2237 2465 2428 2527 aeque

416 2586 486 2628 ac
547 2563 903 2648 Megarense
919 2614 937 2642 ,
1000 2570 1073 2627 ut
1130 2563 1379 2628 minoris
1440 2562 1732 2626 momenti
1779 2563 2075 2626 omittere.
2143 2561 2424 2626 Ceterum

418 2682 951 2748 commorationem
1015 2683 1144 2748 eius
1208 2680 1475 2766 Cyrenae
1537 2704 1660 2745 non
1721 2680 2154 2768 sejungendam
2216 2703 2346 2745 esse
2391 2703 2427 2744 a

412 2801 783 2886 profectione
843 2802 907 2865 in
964 2802 1313 2886 Aegyptum
1329 2850 1347 2878 ,
1409 2809 1482 2864 ut
1524 2790 1808 2864 Laertius
1853 2800 2033 2878 facit,
2089 2799 2420 2884 probabilis

413 2943 557 2984 sane
618 2927 709 2984 est
760 2919 1189 3004 plerorumque
1236 2919 1460 3005 opini0.
1555 2921 1762 3003 Atque
1807 2919 1982 2984 ambo
2030 2920 2261 2983 itinera.
2295 2926 2423 2983 tam

413 3045 575 3102 arcte
620 3037 936 3102 cohaerere
983 3037 1269 3101 videntur
1288 3087 1306 3116 ,
1338 3047 1439 3116 ut,
1472 3037 1831 3122 Aegyptiaci
1861 3036 1978 3101 fide
2009 3035 2310 3115 stabilita,
2345 3037 2422 3101 de

412 3155 739 3240 Cyrenaico
784 3178 907 3219 non
953 3177 1315 3241 magnopere
1362 3155 1769 3220 dubitandum
1803 3156 1900 3219 sit.
1996 3154 2180 3234 Quod
2215 3145 2419 3220 autem

412 3274 695 3340 nonnulli
758 3275 1119 3359 opinantur,
1160 3275 1473 3340 Platonem
1510 3274 1782 3360 Cyrenen
1817 3275 2066 3361 petiis-se
2103 3283 2170 3338 ut
2203 3299 2237 3338 a
2267 3275 2420 3338 The-

409 3393 596 3458 odoro
665 3394 1054 3478 geometriam
1111 3393 1365 3458 disceret
1376 3443 1403 3491 ξ
1469 3393 1609 3479 plus
1673 3393 1817 3458 huic
1872 3393 2078 3458 itineri
2136 3393 2419 3457 tribuunt

409 3511 699 3574 momenti
762 3532 943 3594 quam
1004 3533 1266 3595 aequum
1328 3517 1452 3576 est:
1516 3533 1640 3575 non
1688 3511 1848 3584 enim
1893 3510 2213 3588 credibile,
2277 3534 2417 3596 geo-

473 3767 522 3829 1)
557 3767 779 3817 Ceterum
816 3767 942 3818 lectu
976 3768 1118 3834 digna
1150 3771 1263 3818 sunt
1297 3785 1418 3834 quae
1450 3769 1510 3819 de
1542 3769 1634 3820 hoc
1667 3769 1838 3820 itinere
1871 3769 2063 3819 disserit
2080 3769 2342 3820 Hermann.
2362 3769 2415 3830 ll,

403 3878 449 3926 p.
486 3862 699 3914 51—58.

470 3959 519 4018 2)
560 3957 913 4022 quinctilianus
958 3957 1016 4008 de
1062 3959 1329 4024 Megarensi
1378 3964 1428 4009 et
1472 3959 1732 4024 Cyrenaico
1778 3959 1950 4010 itinere
1996 3960 2116 4009 nihil
2157 3961 2416 4024 quidquam
2445 3993 2469 4018 .

405 4057 663 4112 memorat3
708 4067 851 4118 quare
896 4069 1060 4118 parum
1110 4061 1327 4104 accurate
1372 4055 1630 4120 Ueberweg
1677 4057 1708 4106 1.
1757 4056 1790 4106 l.
1825 4056 1893 4105 sic
1926 4056 2170 4120 loquitur,
2205 4071 2253 4120 p.
2293 4056 2414 4108 127:

407 4149 659 4217 „lDagegen
704 4148 819 4198 lasst
864 4149 1155 4213 Quinctilian
1202 4151 1325 4200 Inst.
1359 4152 1443 4200 Or.
1480 4152 1533 4210 I,
1573 4151 1660 4210 12,
1699 4151 1793 4200 und
1829 4152 2000 4200 ebenso
2037 4153 2266 4214 Diogenes
2301 4153 2404 4209 ΙΙΙ,

407 4243 467 4301 6,
502 4242 577 4292 die
611 4247 735 4292 erste
769 4243 907 4292 Reise
943 4261 1032 4293 von
1074 4247 1262 4307 Megara
1296 4261 1379 4294 aus
1415 4246 1535 4294 nach
1572 4245 1754 4309 Cyrene
1790 4247 2022 4309 gerichtet
2057 4247 2207 4294 sein.''

2099 4346 2172 4400 12
