3092 5084
1580 525 1704 587 218

634 754 736 796 ore
783 742 1065 818 excepta,
1114 743 1324 797 notata
1370 743 1429 797 et
1474 737 1819 818 ἀγράφων
1864 737 2048 800 titulo
2081 737 2286 800 edita?
2333 737 2644 800 Posterius

634 874 840 915 verum
889 853 1123 936 opinor.
1220 852 1377 916 Nam
1441 856 1490 917 si
1555 856 1784 918 incerta
1844 864 1953 920 aut
2013 857 2162 919 falsa
2227 855 2517 932 fuissent,
2581 855 2668 919 id·

634 971 841 1055 fugere
889 973 1275 1036 Aristotelem
1324 997 1447 1037 non
1496 976 1732 1058 potuit,
1783 985 1843 1039 et
1888 976 2214 1054 indicasset
2245 983 2405 1038 certe
2437 975 2647 1038 huius-

632 1087 796 1151 modi
844 1088 1069 1153 verbis:
1120 1093 1177 1154 ἐν
1213 1098 1329 1162 τοῖς
1370 1093 1592 1170 ψευδῶς
1637 1094 1967 1171 λεγομένοις
2005 1095 2294 1176 ἀγράφοις
2335 1094 2643 1170 δόγμασιν.

631 1207 815 1272 Recte
862 1231 1003 1272 vero
1066 1233 1135 1272 eo
1198 1234 1321 1294 quo
1369 1212 1493 1276 dixi
1543 1237 1724 1276 sensu
1774 1213 2008 1277 addidit
2053 1216 2134 1277 ταὶ
2179 1215 2509 1291 λεγόμεναι,
2559 1214 2646 1275 in-

629 1328 850 1409 scripta
889 1328 1003 1391 hoe
1052 1330 1268 1407 titulo,
1318 1353 1439 1414 quo
1486 1331 1789 1395 indicetur
1835 1332 2120 1416 dogmata
2163 1333 2270 1396 illa
2307 1333 2370 1396 in
2421 1332 2644 1395 scholis

628 1446 915 1532 explicita
954 1471 1079 1512 non
1126 1451 1470 1513 memoriter
1503 1459 1743 1514 tantum
1792 1452 2030 1536 prodita
2075 1451 2178 1515 sed
2227 1453 2406 1516 etiam
2454 1451 2645 1515 literis

628 1574 838 1630 notata
906 1591 1065 1631 esse:
1145 1569 1309 1632 unde
1378 1569 1668 1648 efficitur,
1745 1572 2205 1635 commentarios
2275 1572 2390 1635 hoo
2459 1570 2643 1634 titulo

630 1686 973 1750 Aristotelis
1020 1696 1291 1772 tempore
1338 1689 1652 1753 doctorum
1702 1691 1762 1753 in
1811 1690 2092 1755 manibus
2141 1690 2345 1753 fuisse.

716 1804 894 1868 Solus
955 1806 1056 1869 hie
1118 1815 1209 1870 est
1272 1807 1618 1872 Aristotelis
1683 1809 1853 1872 loeus
1904 1807 2009 1872 ubi
2057 1807 2318 1890 ἄγραφα
2363 1808 2644 1884 δόγματα

626 1924 984 1988 nominatim
1032 1925 1317 1988 citantur.
1389 1925 1548 1989 Sunt
1596 1926 1699 1990 alii
1745 1926 2018 1991 eiusdem
2057 1927 2175 1990 loci
2216 1926 2322 1991 ubi
2368 1926 2644 1990 Platonis

628 2042 850 2126 placita
899 2065 1023 2106 non
1080 2067 1111 2108 e
1158 2047 1605 2108 commentariis
1625 2095 1644 2122 ,
1692 2046 1797 2110 sed
1851 2069 1882 2109 e
1935 2047 2211 2131 magistri
2263 2034 2644 2110 sermonibus

629 2163 971 2225 memoriter
1000 2162 1188 2226 relata
1213 2173 1799 2242 commemorantur3
1828 2165 2172 2230 cuiusmodi
2197 2174 2288 2228 est
2312 2164 2478 2248 quod
2501 2165 2645 2249 legi-

626 2287 730 2342 tur
774 2279 1049 2365 Metaph.
1076 2280 1141 2358 1,
1178 2285 1214 2344 9
1234 2333 1253 2360 ,
1296 2307 1353 2368 p.
1391 2286 1517 2346 992
1546 2286 1630 2362 A,
1667 2284 1773 2349 ubi
1799 2305 2123 2369 corporum
2151 2283 2557 2348 dimensiones
2584 2291 2645 2347 et

628 2399 925 2463 elementa
948 2407 1224 2485 tangenS‚
1258 2402 1500 2482 στερεὸν,
1530 2404 1819 2481 ἐπίπεδον,
1844 2405 2147 2484 γραμμὴν,
2171 2405 2441 2479 στιγμὴν,
2469 2423 2645 2485 quae-

625 2519 707 2582 rit
752 2539 891 2582 cum
940 2519 1058 2582 alia
1102 2527 1236 2584 tum
1282 2521 1433 2584 hoo:
1483 2521 1568 2585 ἔτι
1617 2524 1679 2585 αἱ
1725 2521 1980 2599 στιγμαὶ
2027 2522 2092 2585 ἐκ
2130 2522 2278 2592 τίνος
2304 2519 2644 2598 ἐνυπάρξου-

626 2661 747 2713 σινς
808 2636 989 2717 τούτῳ
1049 2638 1156 2712 μὲν
1216 2633 1305 2702 οὖν
1366 2642 1445 2720 τῷ
1504 2639 1658 2716 γένει
1715 2640 1813 2704 καὶ
1870 2640 2190 2720 διεμάχετο
2235 2639 2488 2704 Πλάτων
2505 2689 2521 2720 ,
2570 2641 2643 2708 ὥς

625 2753 740 2820 ὄντι
822 2758 1191 2837 γεωμετρικῷ
1252 2757 1509 2835 δόγματι
1528 2810 1545 2831 ,
1610 2759 1750 2822 ἀλλ’
1813 2757 2008 2822 ἐκάλει
2079 2758 2270 2837 ἀρχὴν
2337 2765 2640 2836 γραμμῆς.

625 2873 851 2936 Sensus
912 2884 1037 2951 est,
1087 2874 1406 2939 Platonem
1453 2875 1872 2959 quaestionem
1920 2875 1996 2939 de
2042 2882 2260 2939 natura
2307 2882 2367 2938 et
2413 2875 2646 2958 origine

626 3000 731 3066 τῆς
791 3001 1048 3069 στιγμῆς
1066 3043 1082 3073 ,
1138 2996 1377 3075 puncti,
1428 2994 1749 3058 removisse
1795 3001 1866 3057 ut
1912 2993 2132 3079 dogma
2177 2993 2640 3078 geometricum,

626 3101 749 3174 non
820 3111 1333 3197 philosophicum.
1430 3111 1610 3198 Impf.
1682 3113 2002 3193 διεμάχετο
2071 3112 2375 3196 siguificat
2445 3135 2646 3194 νεμηθ-

628 3252 771 3293 nare
814 3233 1063 3309 solebat,
1114 3253 1237 3314 quo
1282 3231 1591 3294 indicatur
1637 3231 1711 3295 ab
1745 3232 2072 3295 Aristotele
2102 3231 2204 3295 hie
2234 3231 2496 3315 intelligi
2527 3231 2646 3293 dis-

629 3349 977 3433 putationes
1037 3350 1149 3413 hac
1211 3349 1287 3413 de
1347 3373 1411 3414 re
1481 3373 1516 3414 a
1561 3349 1817 3413 Platone
1861 3350 2101 3414 habitas
2161 3373 2311 3433 quas
2357 3350 2646 3414 memoria

633 3467 749 3532 sibi
798 3478 1184 3551 suggereret,
1234 3490 1357 3532 non
1404 3469 1631 3552 scripta
1678 3468 1980 3552 dogmata.
2012 3470 2060 3552 1)

720 3584 949 3649 Verum
1008 3586 1083 3650 ad
1144 3565 1405 3667 ἄγραφα
1465 3587 1808 3651 referendas
1856 3588 2071 3672 opinor
2116 3586 2408 3667 διαιρέσεις
2428 3639 2444 3660 ,
2504 3609 2646 3669 qua-

628 3727 767 3768 rum
836 3713 897 3768 et
966 3705 1039 3770 ab
1106 3706 1432 3769 Aristotele
1492 3715 1554 3770 et
1611 3707 1675 3770 in
1736 3705 2016 3790 Epistola
2066 3705 2232 3770 XIII
2278 3706 2348 3770 fit
2393 3705 2641 3770 menti0.

630 3823 988 3887 Aristoteles
1059 3824 1133 3887 de
1195 3823 1489 3888 Generat.
1542 3832 1604 3888 et
1649 3823 1933 3909 Corrupt.
1990 3823 2091 3901 II,
2143 3827 2216 3900 3,
2267 3848 2327 3909 p.
2378 3827 2504 3887 330
2551 3823 2604 3886 Β
2617 3871 2639 3902 ‚

632 3941 818 4005 tradit
863 3963 1063 4006 rerum
1098 3933 1409 4006 'elementa
1450 3944 1525 4009 ab
1559 3945 1692 4006 aliis
1725 3965 1920 4007 unum
1953 3943 2176 4019 statui,
2213 3943 2288 4007 ab
2321 3942 2454 4006 aliis
2486 3942 2641 4018 duo,

631 4059 705 4124 ab
754 4060 887 4125 aliis
941 4062 1093 4139 tria,
1142 4069 1292 4140 cet.;
1342 4063 1450 4147 qui
1495 4063 1620 4127 duo
1667 4071 1941 4149 ponunt,
1993 4062 2176 4140 dicit,
2227 4071 2298 4125 ut
2342 4061 2646 4126 Parmeni-

700 4332 745 4390 1)
782 4332 887 4381 vid.
924 4333 1335 4399 Trendelenburg,
1370 4336 1493 4386 libro
1529 4337 1655 4410 laud.
1689 4352 1739 4400 p.
1775 4336 1853 4384 66.
