3092 5084
1646 483 1727 546 20

681 687 974 773 Dionysio
1021 688 1150 753 dati
1194 696 1430 773 spectat
1475 689 1549 754 ad
1596 685 1661 754 id
1708 688 1873 774 quod
1915 688 1989 754 de
2021 689 2238 756 ultimo
2268 689 2542 756 Platonis
2574 689 2691 754 dis-

680 828 852 870 cessu
899 830 932 871 e
977 807 1184 872 Sicilia
1225 807 1454 893 legitur
1497 808 1564 872 in
1608 807 1723 893 Ep.
1756 807 1886 872 VII
1900 858 1919 888 ,
1954 831 2013 894 p.
2048 810 2175 872 350
2210 808 2297 872 B:
2330 809 2689 889 άπέπεμψεν

679 925 886 1006 ἐφόδια
932 925 1092 1002 δούς;
1142 924 1308 1010 quod
1354 933 1561 992 autem
1606 927 1782 990 initio
1829 926 2121 1013 epistolae
2152 927 2227 992 de
2266 950 2330 991 se
2361 926 2544 1006 dicit,
2575 928 2689 999 τοὶς

679 1044 964 1122 διαβολάς
996 1045 1294 1126 δυσχερεῖς
1325 1047 1501 1119 οὔσας
1526 1047 1821 1130 ὑπέμενον,
1850 1053 2083 1132 spectat
2105 1045 2182 1110 ad
2208 1047 2545 1111 aulicorum
2578 1046 2688 1109 cri-

677 1163 1058 1228 minationes„
1138 1165 1319 1231 Unde
1366 1175 1619 1252 apparet
1664 1165 1950 1251 scriptam
1994 1166 2151 1230 hanc
2184 1165 2503 1250 epistolam
2534 1164 2683 1250 fingi

677 1289 818 1366 post
865 1282 1150 1348 ultimum
1196 1283 1528 1348 discessum
1573 1283 1848 1348 Platonis
1895 1307 1928 1348 e
1973 1283 2180 1349 Sicilia
2224 1284 2479 1368 eiusque
2511 1306 2686 1368 argu-

675 1406 951 1465 mentum
1000 1423 1074 1466 ex
1118 1401 1228 1466 illa
1271 1401 1446 1488 (VII)
1494 1402 1752 1467 ductum
1798 1424 1945 1468 esse.
2039 1400 2159 1467 Sed
2204 1402 2270 1466 in
2316 1401 2525 1466 eadem
2565 1401 2687 1487 epi-

680 1518 838 1583 stola
906 1519 1101 1584 multa
1159 1527 1307 1585 sunt
1365 1520 1592 1605 inepta.
1697 1519 1971 1584 Primum
2030 1519 2147 1584 hoc
2162 1569 2181 1599 ,
2246 1519 2410 1603 quod
2470 1519 2687 1604 incipit

679 1637 911 1732 alloqui
967 1638 1171 1723 plures
1231 1639 1389 1722 (ὑμῖν
1405 1691 1424 1716 ,
1486 1639 1766 1719 ὑμετέραν
1825 1639 2037 1724 ἀρχὴν)
2053 1687 2071 1717 ,
2126 1645 2277 1723 puta
2320 1637 2684 1722 Dionysium

676 1756 929 1842 ejusque
989 1756 1204 1820 fratres
1263 1757 1360 1821 vel
1419 1757 1795 1842 propinquos
1810 1806 1830 1835 ,
1892 1762 2026 1821 tum
2089 1763 2293 1821 autem
2355 1756 2559 1821 subito
2608 1755 2683 1819 ad

676 1896 870 1937 unum
929 1873 1296 1959 Dionysium
1359 1875 1661 1939 convertit
1722 1875 2054 1939 orationem
2072 1924 2091 1954 ‚
2140 1897 2323 1959 quem
2367 1896 2562 1958 usque
2609 1873 2687 1937 ad
2754 1887 2761 1894 ‘

674 1992 857 2056 finem
903 1992 1133 2077 alloqui
1178 1993 1379 2078 pergit
1425 1993 1520 2078 (σὺ
1566 1993 1625 2058 δὲ
1652 1991 1913 2064 ’τοιοῦτος
1943 1993 2021 2058 ὥν,
2046 1995 2205 2079 etc.).
2253 1992 2490 2058 Deinde
2521 1993 2685 2056 dicta

675 2133 890 2197 parum
936 2119 1288 2196 congruunt
1330 2111 1575 2176 Platoni
1622 2133 1690 2176 ac
1729 2111 1909 2197 plane
1940 2111 2283 2198 discrepant
2315 2111 2390 2176 ab
2420 2112 2495 2176 iis
2528 2133 2681 2196 quae

676 2229 742 2294 in
801 2230 903 2294 III
967 2238 1030 2295 et
1087 2230 1218 2294 VII
1276 2231 1599 2316 leguntur,
1660 2231 2013 2316 praesertim
2068 2231 2234 2315 quod
2279 2231 2453 2295 initio
2499 2229 2574 2294 de
2619 2252 2680 2293 se

680 2346 866 2411 dicit:
914 2349 1224 2429 διατρίψας
1247 2351 1363 2428 ἐγὼ
1387 2352 1524 2429 παρ’
1549 2350 1683 2428 ὑμῖν
1704 2350 1903 2430 χρόνον
1931 2354 2195 2414 τοσοῦτον
2213 2347 2313 2413 καὶ
2343 2348 2551 2414 διοικῶν
2580 2350 2685 2423 τὴν

677 2465 957 2547 ὑμετέραν
999 2467 1189 2547 άρχήν
1203 2515 1220 2544 ,
1247 2466 1424 2547 item,
1456 2467 1821 2548 αὐτοκράτωρ
1862 2467 1921 2532 δὲ
1951 2465 2235 2539 πολλάκις
2264 2468 2368 2541 τὴν
2400 2463 2679 2564 ὑμετέραν

673 2584 841 2649 πόλιν
886 2583 1286 2668 διαφυλάξας.
1363 2583 1576 2649 Fuerit
1620 2584 1797 2649 Plato
1844 2582 2221 2669 aliquamdiu
2265 2606 2485 2669 magna
2516 2583 2681 2668 apud

673 2699 1036 2786 Dionysium
1083 2703 1443 2768 auctoritate
1457 2752 1476 2782 ‚
1517 2709 1759 2768 tantum
1805 2710 1965 2768 certe
2010 2724 2346 2787 numquam
2386 2701 2581 2766 valuit
2609 2708 2683 2764 ut

671 2820 1063 2901 αὐτοκράτορα
1107 2843 1176 2916 se⁸
1216 2821 1414 2887 dicere
1460 2829 1699 2906 posset„

761 2937 937 3002 Tales
994 2939 1072 3003 ob
1116 2941 1382 3004 rationes
1426 2939 1708 3005 Ficinum
1754 2939 1934 3005 credo
1979 2941 2137 3004 hanc
2182 2939 2501 3025 epistolam
2545 2937 2679 3002 Pla-

669 3057 802 3120 toni
848 3056 1225 3142 abjudicasse
1269 3065 1332 3124 et
1373 3058 1564 3123 Dioni
1608 3058 1928 3137 tribuisse,
1968 3080 2150 3143 quem
2182 3058 2454 3143 plerique
2483 3058 2677 3121 secuti

670 3181 834 3239 sunt.
927 3176 1014 3240 At
1073 3176 1219 3242 huic
1261 3177 1465 3242 minus
1512 3177 1696 3242 etiam
1740 3179 2053 3241 convenit:
2100 3199 2243 3240 nam
2289 3176 2455 3260 quod
2498 3176 2673 3240 initio

667 3292 892 3377 legitur
922 3293 1231 3376 διατρίψας
1252 3297 1377 3390 ἐγὼ
1408 3297 1546 3376 παρ’
1577 3295 1711 3371 ὑμῖν
1728 3345 1745 3369 ,
1779 3294 2091 3376 διατρίβειν
2119 3293 2185 3358 in
2215 3294 2349 3358 loco
2379 3316 2504 3358 non
2529 3294 2673 3358 dici-

665 3420 769 3474 tur
813 3410 887 3474 de
917 3411 1038 3476 loci
1067 3412 1270 3476 incola
1282 3439 1302 3492 3
1335 3434 1532 3496 neque
1565 3412 1753 3476 Dioni
1782 3413 1973 3496 magis
2014 3434 2195 3496 quam
2224 3410 2469 3476 Platoni
2496 3411 2674 3476 licuit

641 3527 741 3592 ‘de
787 3551 850 3594 se
897 3529 1128 3594 dicere:
1162 3523 1543 3612 ἀὐτοκράτωρ
1588 3567 1677 3580 --
1717 3529 2121 3608 διαφυλάξας,
2154 3530 2381 3616 quippe
2410 3530 2519 3616 qui
2546 3553 2670 3594 non

661 3645 751 3710 ita
793 3648 989 3712 multo
1036 3656 1176 3733 post
1222 3672 1405 3734 quam
1447 3649 1782 3734 Dionysius
1814 3649 1973 3733 patri
2001 3650 2067 3712 in
2096 3670 2352 3734 regnum
2382 3648 2673 3713 successit

663 3766 879 3850 pulsus
927 3775 1101 3833 esset.
1171 3768 1488 3835 Praeterea
1526 3769 1816 3833 viaticum
1848 3768 2037 3833 Dioni
2066 3791 2100 3832 a
2129 3767 2424 3854 Dionysio
2455 3767 2666 3832 datum

663 3905 791 3948 esse
835 3907 961 3949 non
990 3887 1335 3971 probabile:
1383 3888 1552 3952 misit
1583 3888 1640 3952 ei
1670 3888 1997 3971 quotannis
2028 3887 2413 3971 praediorum
2445 3894 2507 3950 et
2534 3886 2669 3950 fun-

661 4000 878 4067 dorum
922 4004 1191 4085 reditus;
1254 4013 1318 4070 at
1361 4004 1606 4070 Platoni
1649 4006 1937 4069 viaticum
1983 4005 2197 4068 datum
2243 4027 2371 4069 esse
2412 4026 2668 4069 comme·

661 4129 857 4185 morat
900 4123 1083 4188 etiam
1128 4123 1406 4209 Epistola
1451 4123 1609 4202 VII,
1656 4146 1716 4208 p.
1768 4125 1893 4188 350
1944 4123 2015 4187 B.
2077 4121 2292 4187 Fuisse
2323 4129 2527 4187 autem
2559 4123 2668 4207 qui

657 4240 1054 4324 opinarentur
1110 4242 1427 4308 Platonem
1483 4264 1691 4306 revera
1748 4243 1809 4305 in
1868 4242 2009 4306 aula
2052 4240 2331 4326 Dionysii
2376 4247 2663 4328 tanquam
