3092 5084
1631 501 1673 560 4⁴

739 702 1013 767 Primum
1037 726 1136 778 eas
1161 702 1412 766 adortus
1437 709 1536 766 est.
1560 703 1923 768 Meinersius
1948 705 2035 790 (in
2060 703 2292 769 Comm.
2318 704 2451 769 Soc.
2480 704 2650 768 Gett.

657 820 844 884 1782.
892 821 1010 886 vol.
1059 819 1135 886 V.
1184 844 1320 907 pag.
1373 824 1498 905 51),
1550 822 1658 905 qui
1702 829 1774 887 ut
1816 823 2338 908 Pythagoreorum
2386 845 2540 906 quae
2571 823 2657 886 fe-

648 946 872 1003 runtur
929 940 1212 1024 reliquias
1282 939 1637 1005 subditicias
1695 964 1821 1005 esse
1888 949 2063 1006 acute
2127 942 2392 1007 ostendit
2405 991 2424 1020 ,
2488 942 2648 1005 idem

641 1058 945 1144 judicium
1003 1060 1152 1124 tulit
1211 1083 1346 1126 cum
1405 1060 1480 1123 de
1526 1060 1661 1124 aliis
1707 1061 2019 1126 nonnullis
2066 1061 2509 1126 Socraticorum
2557 1084 2645 1124 re-

647 1178 855 1264 liquiis
897 1185 1045 1246 tum
1105 1179 1182 1242 de
1241 1179 1512 1243 Platonis
1573 1177 1898 1263 Epistolis‚
1968 1181 2033 1244 in
2092 1181 2317 1264 quibus
2378 1180 2675 1245 animad-'‘

648 1297 828 1360 vertit
887 1296 1064 1389 plura
1123 1297 1315 1362 inesse
1362 1319 1516 1380 quae
1562 1277 1835 1362 Platonis
1897 1299 2113 1376 aetati,
2175 1298 2419 1383 ingenio
2438 1347 2457 1375 ,
2517 1277 2646 1361 sen-

645 1414 872 1478 tentiae
916 1437 1040 1479 non
1085 1422 1443 1499 congruant.
1536 1414 1657 1479 Hic
1702 1438 1909 1480 omnes
1962 1414 2099 1480 illas
2146 1417 2435 1503 epistolas
2466 1415 2641 1480 nulla

646 1540 894 1616 excepta
939 1534 1174 1617 spurias
1220 1534 1455 1598 habuit.
1493 1535 1543 1619 1)

734 1652 1046 1716 Meinersii
1090 1654 1448 1718 sententiam
1461 1703 1478 1732 ‚
1527 1653 1719 1738 magis
1766 1653 1843 1717 ob
1879 1653 2191 1739 opinionis
2224 1653 2554 1717 novitatem
2586 1660 2647 1716 et

645 1769 959 1835 audaciam
1004 1760 1196 1856 quam
1232 1772 1309 1836 ob
1355 1780 1849 1857 argumentorum
1887 1772 2125 1857 pondus
2158 1771 2604 1836 memorabilem
2622 1821 2641 1849 ,

643 1888 1083 1974 impugnarunt
1127 1891 1256 1975 ejus
1303 1891 1583 1975 aequales
1614 1891 2079 1956 Tennemannus
2095 1940 2114 1968 ‚
2160 1889 2607 1954 Tiedemannus
2624 1939 2641 1966 ,

643 2007 1165 2092 Morgensternius
1181 2059 1199 2087 ‚
1237 2010 1350 2073 viri
1395 2011 1460 2073 in
1505 2017 1705 2074 vetere
1750 2009 2164 2095 philosophia,
2214 2010 2532 2095 praecipue
2578 2010 2643 2072 in

644 2126 916 2190 Platonis
963 2127 1239 2192 doctrina
1281 2128 1676 2206 illustranda,
1726 2151 1863 2193 cum
1910 2128 2089 2192 laude
2136 2129 2375 2193 versati.

730 2245 822 2308 Ex
869 2247 964 2309 his
998 2247 1284 2311 acerrime
1313 2247 1643 2311 Meinersio
1674 2247 1914 2311 obstitit
1944 2247 2407 2312 Tennemannus
2424 2297 2441 2324 ,
2480 2247 2637 2330 Syst.

642 2364 748 2428 der
807 2364 963 2428 Plat.
1028 2364 1188 2429 Phil.
1237 2365 1289 2429 I.
1339 2388 1399 2450 p.
1453 2368 1822 2430 106-111,
1895 2365 2114 2430 Gesch.
2164 2365 2270 2430 der
2314 2365 2475 2430 Phil.
2523 2364 2637 2429 VI.

639 2505 699 2566 p.
756 2485 918 2545 451:
976 2483 1084 2566 qui
1143 2483 1458 2547 contendit
1517 2484 1802 2569 epistolas
1854 2484 2023 2562 illas,
2087 2485 2137 2547 si
2204 2484 2358 2548 forte
2417 2505 2639 2568 paucas

641 2601 900 2684 excipias
910 2651 929 2680 ,
974 2607 1101 2664 tam
1145 2601 1343 2665 verbis
1390 2624 1573 2685 quam
1620 2603 1935 2667 sententiis
1981 2603 2067 2666 ita
2113 2603 2330 2668 referre
2362 2601 2634 2664 Platonis
2699 2597 2701 2601 ’

638 2720 950 2804 ingenium
966 2770 984 2798 ,
1047 2727 1120 2783 ut
1164 2720 1476 2784 habendae
1521 2721 1647 2786 sint
1687 2721 2243 2785 luculentissimum
2287 2741 2640 2784 monumen-

621 2843 772 2913 tum
825 2837 990 2900 unde
1051 2838 1398 2923 philosophi
1457 2839 1617 2902 vitae
1673 2839 2027 2903 institutum
2042 2888 2060 2917 ,
2110 2838 2368 2902 docendi
2412 2837 2641 2901 metho-

639 2955 754 3017 dus
803 2961 984 3038 atque
1029 2955 1284 3020 interior
1329 2957 1606 3020 doctrina
1650 2965 2067 3042 cognoscatur.
2101 2958 2151 3042 2)

709 3139 757 3199 l)
793 3115 949 3187 Verba
992 3137 1094 3201 ejus
1138 3138 1251 3188 baec
1296 3143 1437 3188 suntx
1487 3139 1653 3200 „Licet
1699 3157 1809 3189 vcro
1856 3140 2072 3190 Ciceroni
2116 3140 2374 3204 plurimum
2407 3140 2638 3198 tribuam,

637 3248 838 3296 aequum
883 3237 1042 3282 tamen
1089 3251 1186 3282 non
1231 3236 1303 3284 est
1346 3235 1494 3299 ipsius
1535 3235 1871 3285 auctoritatem
1918 3236 2026 3302 plus
2058 3251 2199 3300 quam
2234 3235 2481 3284 veritatem
2514 3235 2641 3300 'apud

637 3346 714 3379 me
748 3329 919 3380 valere.
985 3329 1258 3380 Certissima
1307 3331 1434 3380 enim
1467 3331 1587 3380 mihi
1622 3347 1895 3397 persuasum
1930 3331 2104 3392 habeo,
2137 3330 2272 3380 illum
2308 3330 2447 3380 falsas
2481 3330 2640 3379 Plato·

616 3425 711 3478 .nis
757 3425 979 3489 epistolas
1024 3442 1119 3474 non
1165 3427 1394 3476 attentius
1439 3426 1609 3492 legisse
1655 3429 1704 3476 et
1748 3427 2037 3476 examinasse
2083 3441 2222 3491 quam
2274 3427 2407 3476 fictas
2456 3425 2639 3475 Zaleuci

636 3521 787 3584 leges,
822 3537 938 3585 quas
971 3521 1115 3570 etiam
1147 3537 1234 3586 pro
1269 3523 1389 3571 veris
1423 3523 1733 3586 accipiebat.’'

703 3616 751 3677 2)
785 3615 902 3680 Pag.
938 3616 1059 3665 108:
1097 3616 1243 3676 „Wer
1275 3617 1578 3666 Platonische
1611 3617 1847 3667 Schriften
1885 3617 2071 3682 gelesen
2106 3617 2213 3676 hat,
2246 3617 2361 3666 wird
2396 3616 2514 3666 auch
2538 3615 2641 3665 hier

641 3711 768 3760 scine
803 3712 1009 3776 Sprache
1043 3712 1320 3762 Ausdriicke
1365 3714 1460 3763 und
1507 3714 1817 3778 Wendungen
1850 3713 2205 3771 wiederfinden,
2252 3729 2304 3761 so
2338 3711 2638 3761 verschieden

637 3807 756 3856 auch
807 3807 1026 3872 iibrigens
1073 3808 1156 3857 der
1201 3808 1429 3874 Briefstyl
1477 3809 1578 3858 sein
1616 3806 1764 3874 ,mags
1812 3809 1877 3858 Es
1909 3809 2131 3858 kommen
2166 3825 2216 3858 so
2251 3807 2372 3858 viele
2404 3807 2643 3857 umstiind-

638 3900 760 3950 liche
794 3901 1116 3951 Nachrichten
1149 3917 1233 3952 ans
1269 3902 1374 3952 dem
1408 3903 1713 3952 Privatleben
1760 3903 1841 3952 des
1888 3904 2169 3968 Dionysiae,
2214 3902 2389 3952 scinem
2425 3901 2637 3950 Verhiilt·

639 3995 761 4044 nisse
811 3996 906 4044 und
959 3996 1192 4062 Betragen
1242 4013 1390 4062 gegen
1441 3999 1530 4048 den
1582 3998 1750 4058 Plato,
1802 3998 1979 4048 seinem
2024 4015 2201 4062 ganzen
2234 3998 2496 4047 Charakter
2527 4013 2637 4058 vor,

639 4091 735 4140 und
767 4090 882 4140 alles
905 4091 1016 4142 -dics
1046 4093 1112 4142 ist
1145 4094 1233 4143 mit
1266 4110 1318 4143 so
1367 4093 1520 4144 vielen
1564 4093 1753 4144 kleinen
1802 4095 2090 4145 Umstiinden
2126 4093 2355 4152 verwebt‚
2392 4094 2495 4143 dass
2528 4093 2639 4142 Nic-

635 4187 780 4236 mand
827 4187 994 4236 andei-s
1042 4187 1112 4237 als
1146 4189 1222 4238 cin
1255 4189 1428 4248 Manu,
1477 4190 1561 4238 der
1594 4192 1903 4254 Augenzeuge
1950 4207 2041 4239 von
2088 4190 2193 4239 dem
2227 4189 2365 4238 Allen
2402 4203 2519 4248 war,
2558 4188 2641 4238 der

637 4281 880 4332 Verfasser
912 4299 1004 4332 von
1039 4285 1290 4334 denselben
1323 4285 1423 4335 sein
1458 4285 1634 4334 kann.”
