3092 5084
1655 479 1782 542 238

712 691 775 748 et
833 682 1145 750 lasciviam
1203 683 1429 772 objecit
1488 683 1717 769 (Laert.
1783 683 1908 750 ΠΙ.
1961 687 1998 771 ξ
2041 687 2177 772 29).
2265 684 2472 768 Quam
2519 686 2730 752 acerbe

712 811 918 870 autem
962 803 1361 871 Antisthenes
1408 805 1465 870 ei
1507 803 1918 884 maledixerit,
1967 804 2212 871 abunde
2256 813 2425 892 patet
2455 829 2488 874 e
2515 806 2728 872 libello

710 944 894 1007 quem
959 922 1027 988 in
1082 945 1226 988 eum
1270 923 1513 1008 scripsit
1528 973 1548 1001 ,
1597 923 1702 988 cui
1744 923 1968 990 titulus
2015 930 2146 989 erat
2189 926 2392 992 Σαθών
2407 973 2428 1004 ,
2476 925 2730 1010 parodia

706 1042 972 1108 nominis
1031 1040 1285 1112 Πλώτιον
1337 1045 1396 1128 (a
1457 1041 1604 1117 σάθη
1615 1092 1636 1122 ,
1699 1045 2004 1108 membrum
2047 1043 2244 1125 virile)
2258 1094 2279 1123 ,
2325 1065 2452 1130 quo
2499 1043 2729 1130 signifi-

707 1168 884 1226 catur
928 1160 1113 1226 homo
1156 1160 1391 1241 mollis,
1440 1183 1732 1228 venereus
1745 1210 1766 1240 ,
1813 1160 2200 1228 libidinosus.
2231 1159 2280 1248 ¹)
2325 1163 2726 1230 Antisthenes

706 1302 743 1342 a
786 1278 1043 1346 Platone
1085 1285 1337 1346 notatus
1382 1287 1475 1346 est
1519 1289 1596 1346 ut
1635 1281 1948 1360 ὃψιμαδής.

798 1398 1123 1464 Aecedunt
1172 1397 1269 1466 his
1322 1397 1718 1464 historiarum
1769 1399 2125 1484 scriptores,
2174 1421 2440 1485 quorum
2491 1399 2724 1485 primus

706 1517 1135 1590 memorandus
1171 1517 1474 1583 Philistus
1489 1567 1511 1596 ,
1561 1540 1688 1582 non
1730 1518 1925 1604 magis
1969 1519 2216 1604 tyranni
2259 1519 2490 1584 amicus
2535 1541 2724 1604 quam

705 1635 1080 1721 tyrannidis,
1128 1636 1240 1721 qui
1282 1636 1349 1702 in
1394 1635 1594 1722 Epist.
1640 1635 1779 1716 111,
1839 1660 1901 1723 p.
1949 1639 2078 1702 315
2117 1636 2215 1716 E,
2263 1645 2326 1702 et
2369 1637 2537 1723 apud
2581 1635 2725 1702 Plu-

702 1756 897 1822 tarch.
959 1755 1144 1821 Dion.
1191 1778 1325 1841 cap.
1375 1758 1455 1822 11
1474 1805 1493 1836 ,
1546 1759 1628 1822 13
1677 1763 1740 1822 et
1803 1759 1884 1822 19
1902 1807 1922 1837 ,
1953 1763 2207 1822 notatur
2235 1764 2528 1842 tanquam
2559 1756 2722 1842 prin·

702 1897 845 1962 ceps
907 1897 1116 1941 eorum
1178 1897 1440 1961 quorum
1494 1876 2054 1942 machinationibus
2096 1875 2276 1942 Plato
2328 1876 2396 1941 in
2439 1875 2723 1962 Dionysii

705 1993 997 2060 invidiam
1042 1994 1337 2061 inductus
1384 2002 1563 2060 esset.
1616 1993 1826 2081 Nepos
1873 1995 2082 2081 (Dion.
2129 2017 2185 2062 c.
2234 1997 2298 2081 3)
2329 1995 2405 2063 de
2433 1995 2542 2060 illo
2573 1994 2722 2060 haec

706 2113 959 2179 scribit:
1012 2111 1233 2198 „Plato
1279 2120 1487 2179 autem
1530 2120 1775 2179 tantum
1833 2114 2001 2199 apud
2046 2112 2412 2200 Dionysium
2459 2113 2720 2180 auctori-

703 2241 863 2298 tate·
890 2232 1099 2318 potuit
1155 2232 1473 2318 valuitque
1528 2232 1909 2317 eloquentia,
1973 2239 2046 2297 nt
2103 2233 2160 2298 ei
2219 2233 2588 2319 persuaserit
2631 2239 2723 2318 ty·

700 2350 975 2418 rannidis
1048 2352 1244 2416 facere
1319 2351 1503 2417 finem
1563 2350 2030 2435 libertatemque
2088 2349 2340 2417 reddere
2400 2351 2722 2437 Syracusa-

700 2469 837 2534 nis:
901 2483 946 2534 a‘
997 2491 1120 2554 qua
1177 2469 1495 2534 voluntate
1550 2469 1796 2535 Philisti
1857 2469 2112 2537 consilio
2173 2469 2502 2534 deterritus
2564 2468 2719 2535 est.'’

698 2587 846 2654 Non
903 2589 1127 2654 mirum
1208 2589 1264 2652 si
1328 2587 1429 2652 hic
1495 2595 1709 2674 postea
1773 2611 1886 2653 sua
1950 2595 2200 2673 peccata
2262 2588 2328 2652 in
2396 2587 2718 2654 Platonem

699 2709 1019 2775 transtulit
1041 2759 1059 2787 ,
1138 2709 1455 2774 scribendo
1526 2708 1695 2794 quod
1763 2709 1870 2774 ille
1944 2708 2240 2794 Dionysio
2327 2707 2718 2774 dissuasisset

700 2827 1113 2908 Συρακουσίους
1180 2827 1589 2911 ἐπικουφίσαι,
1617 2887 1622 2890 .
1655 2827 1760 2903 τὴν
1819 2828 2008 2908 ἀρχὴν
2074 2827 2204 2892 ἀντὶ
2271 2825 2592 2904 τυραννίδος
2635 2829 2717 2900 εἷς

692 2945 1013 3023 βασιλείων
1078 2947 1582 3024 μετ-,νοστήσαντας
1649 2969 1686 3011 a
1751 2969 1874 3032 quo
1943 2947 2195 3012 crimine
2241 2945 2592 3012 defenditur
2650 2946 2716 3010 in

696 3065 813 3152 Ep.
838 3064 978 3144 III,
1004 3088 1065 3151 p.
1100 3067 1227 3130 315
1260 3064 1355 3143 D,
1406 3068 1533 3130 319
1569 3067 1648 3130 A.
1696 3063 2003 3131 Credibile
2041 3087 2186 3130 sane
2230 3066 2446 3132 hune
2429 3089 2494 3131 m
2525 3065 2716 3130 histo-

696 3183 788 3248 ria
847 3206 1030 3269 quam
1092 3185 1337 3270 scripsit
1394 3184 1642 3250 illorum
1703 3191 2082 3271 temporum,
2130 3183 2208 3249 de
2251 3183 2526 3250 Platonis
2573 3206 2714 3249 eum

695 3302 995 3390 Dionysio
1040 3302 1399 3368 commercio
1445 3325 1663 3390 parum
1708 3302 2037 3368 honorifice
2081 3300 2360 3368 locutum
2405 3325 2554 3368 esse.

786 3420 1083 3488 Omnium
1126 3429 1330 3488 autem
1374 3422 1806 3488 historicorum
1863 3419 2476 3487 maledicentissimus
2520 3419 2715 3485 Theo·

697 3563 960 3628 pompus
976 3589 996 3619 ,
1066 3542 1119 3605 is
1187 3541 1296 3626 qui
1356 3563 1554 3606 unum
1613 3563 1687 3606 ex
1731 3541 2018 3607 omnibus
2061 3539 2385 3606 Socraticis
2430 3538 2712 3604 laudasse

696 3661 891 3725 fertur
974 3658 1404 3725 Antisthenem
1482 3658 1709 3745 (Laert.
1775 3658 1870 3724 VI
1885 3709 1906 3740 ,
1973 3661 2010 3746 §
2075 3661 2220 3746 14),
2290 3659 2579 3724 acerrime
2644 3659 2708 3724 in

697 3775 1019 3843 Platonem
1062 3777 1339 3844 invectus
1384 3784 1477 3844 est
1490 3827 1511 3858 ,
1581 3777 1808 3844 ductus
1853 3779 2108 3844 fortasse
2150 3784 2354 3844 vetere
2399 3775 2711 3844 simultate

766 4080 814 4142 1)
852 4079 960 4130 Vid.
995 4079 1155 4130 Laert.
1178 4080 1290 4139 111,
1322 4082 1347 4142 ς
1378 4079 1467 4140 35,
1503 4083 1554 4130 et
1586 4081 1775 4147 Menag.
1809 4081 1870 4131 ad
1890 4079 1941 4132 h.
1965 4081 1999 4130 l.
2022 4097 2071 4148 p.
2095 4081 2218 4141 1513
2251 4080 2369 4132 ibid.
2392 4079 2487 4140 vl,
2520 4080 2622 4143 53,
2659 4079 2708 4133 7.

693 4173 768 4224 De
800 4173 1102 4225 Antisthenis
1135 4189 1243 4224 cum
1278 4173 1482 4226 Platone
1516 4174 1808 4229 dissensione
1841 4176 1931 4226 etr.
1964 4175 2179 4227 Dittricb
2195 4213 2210 4236 ,
2246 4176 2294 4225 in
2331 4175 2601 4240 Prolegom.
2642 4175 2702 4224 sd

694 4269 828 4320 Crat.
860 4285 910 4335 p.
944 4268 1006 4322 37
1042 4285 1113 4334 sq.
