3092 5084
1641 505 1765 569 178

690 714 965 779 met-riam
1026 713 1284 777 Athenis
1341 713 1430 778 ita
1472 712 1811 797 neglectam
1856 711 2043 777 fuisse
2100 719 2172 776 ut
2215 721 2536 798 propterea
2580 710 2696 796 Gy-

688 856 871 898 renen
934 833 1191 918 migrare
1250 854 1491 897 necesse
1532 841 1723 912 esset3
1778 833 1908 918 ipse
1961 832 2316 897 Theodorus
2370 837 2695 915 antequam

686 952 836 1016 illuc
905 933 1251 1016 habitatum
1315 953 1495 1016 cessit
1512 1001 1530 1030 ,
1595 953 1854 1016 Athenis
1914 952 2070 1016 hane
2132 958 2318 1014 artem
2379 949 2699 1015 tradidisse

686 1069 1057 1154 perhibetur.
1134 1069 1277 1134 Vid.
1327 1067 1641 1144 Hermann
1687 1092 1746 1154 p.
1801 1071 1962 1147 110,
2009 1076 2137 1134 not.
2179 1071 2324 1133 101.

772 1305 1066 1370 Itinera
1109 1307 1182 1370 in
1226 1305 1548 1370 Italiam.
1611 1304 1957 1370 Secundum
1997 1305 2334 1391 Epistolam
2361 1305 2536 1369 Plato
2570 1305 2689 1390 pri-

683 1446 853 1488 mum
883 1425 1189 1508 profectus
1236 1431 1327 1488 est
1368 1424 1434 1488 in
1480 1424 1756 1503 Italiam,
1791 1445 1913 1509 quo
1944 1432 2214 1510 tempore
2237 1425 2468 1509 patriae
2493 1446 2690 1488 mores

683 1553 993 1629 pertaesus
1056 1543 1571 1628 quadragenarius
1618 1543 1890 1608 Athenas
1935 1543 2217 1628 reliquit3
2268 1543 2411 1607 hinc
2456 1543 2695 1628 trajecit

680 1661 747 1724 in
777 1660 1043 1725 Siciliam
1088 1660 1225 1746 (Ep.
1258 1661 1420 1740 VH,
1452 1685 1512 1746 p.
1563 1663 1690 1725 326
1724 1661 1796 1726 B.
1826 1662 1872 1746 l)
1916 1661 2153 1725 Iterum
2180 1662 2246 1724 in
2278 1660 2520 1725 Italiam
2554 1683 2692 1724 con-

682 1778 883 1843 tendit
896 1829 914 1857 ,
948 1801 1138 1864 quum
1164 1778 1239 1843 ab
1264 1779 1452 1844 altera
1476 1779 1847 1865 profectione
1863 1779 1928 1842 in
1945 1779 2212 1844 Siciliam
2230 1779 2478 1844 domum
2501 1801 2693 1844 rever-

681 1905 942 1976 teretur,
983 1921 1106 1982 qua
1150 1898 1461 1963 occasione
1505 1897 1839 1962 Tarentum
1884 1896 2198 1962 divertisse
2242 1897 2450 1982 ibique
2490 1898 2692 1961 amici-

681 2018 829 2081 tiam
878 2017 1153 2102 junxisse
1200 2017 1425 2081 dicitur
1470 2039 1609 2081 cum
1655 2019 1926 2102 Archyta
1971 2017 2226 2102 aliisque
2273 2017 2687 2102 Pythagoreis,

680 2136 840 2201 Ibid.
878 2160 937 2221 p.
994 2137 1121 2200 338
1169 2135 1253 2200 O:
1317 2138 1431 2214 ἐγὼ
1477 2137 1596 2215 γὰρ
1641 2138 1769 2216 πρὶν
1812 2137 2041 2202 ἀπιέναι
2085 2135 2277 2214 ξενίαν
2335 2137 2432 2201 καὶ
2481 2137 2688 2216 φιλίαν

679 2255 941 2337 Ἀρχύτῃ
983 2256 1081 2320 καὶ
1119 2263 1237 2328 τοῖς
1282 2258 1340 2320 ἐν
1383 2254 1643 2334 Τάραντι
1683 2256 1777 2320 καὶ
1805 2255 2074 2336 Διονυσίῳ
2096 2257 2339 2332 ποιήσας
2361 2255 2684 2320 ἀπέπλεον.

681 2372 839 2438 Cum
884 2373 980 2438 his
1027 2372 1205 2439 dictis
1237 2373 1674 2438 contendamus
1706 2397 1860 2458 quae
1891 2374 2076 2438 ceteri
2107 2375 2428 2459 scriptores
2463 2373 2537 2438 de
2569 2373 2684 2436 hoc

680 2493 897 2557 itinere
942 2500 1283 2557 narrarunt.

768 2609 1005 2696 NePOS,
1053 2611 1237 2675 Dion.
1284 2633 1336 2676 c.
1386 2613 1455 2688 2,
1504 2610 1715 2675 scribit
1743 2610 2060 2675 Platonem
2090 2611 2155 2675 in
2187 2610 2429 2674 Italiam
2459 2609 2688 2696 profec-

680 2734 813 2792 tum
858 2729 1189 2804 Tarentum
1232 2731 1467 2794 venisse
1483 2781 1501 2810 ,
1550 2729 1692 2795 inde
1739 2732 2092 2795 arcessitum
2139 2753 2174 2794 a
2203 2731 2402 2794 Dione
2435 2730 2686 2814 Syracu-

680 2871 775 2912 sas
834 2849 1163 2913 transiisse.
1256 2848 1465 2914 Gicero
1527 2870 1772 2934 quoque
1832 2850 1980 2916 locis
2043 2873 2230 2936 supra
2288 2849 2554 2914 laudatis
2601 2851 2683 2933 (p.

682 2967 834 3050 167)
881 2966 1209 3032 adventum
1253 2967 1319 3031 in
1363 2966 1607 3031 Italiam
1654 2977 1716 3032 et
1754 2969 1818 3032 in
1857 2968 2123 3031 Siciliam
2169 2967 2488 3052 conjungit
2518 2973 2579 3031 et
2600 2967 2688 3030 di-

679 3093 837 3150 serte
880 3092 1141 3150 testatur
1187 3109 1325 3150 eum
1372 3086 1703 3151 Tarentum
1750 3088 1982 3151 venisse
2027 3093 2146 3165 „ut
2182 3085 2562 3172 Pythagorae
2595 3086 2685 3149 in-

679 3211 859 3269 venta
918 3203 1285 3290 perdisceret
1301 3255 1319 3284 ,
1384 3227 1644 3289 eumque
1706 3213 1765 3270 et
1826 3227 1965 3270 cum
2025 3205 2296 3289 Archyta
2353 3203 2684 3268 Tarentino

680 3328 738 3386 et
801 3345 942 3386 cum
994 3321 1238 3387 Timaeo
1305 3321 1502 3387 Locro
1563 3323 1832 3388 multum
1876 3323 2064 3388 fuisse
2111 3329 2171 3387 et
2215 3321 2478 3386 Philolai
2523 3343 2683 3386 com-

677 3441 1002 3506 mentarios
1050 3464 1177 3505 esse
1221 3449 1470 3506 nactum
1486 3467 1504 3520 3
1554 3457 1867 3526 qumque
1906 3464 1975 3506 eo
2011 3449 2282 3526 tempore
2310 3442 2376 3505 in
2406 3441 2503 3504 his
2534 3441 2682 3505 locis

677 3558 1057 3644 Pythagorae
1102 3581 1323 3624 nomen
1372 3561 1630 3645 vigeret,
1678 3560 1852 3624 illum
1900 3583 1962 3625 se
1994 3566 2054 3623 et
2083 3559 2432 3624 hominibus
2463 3559 2684 3645 Pytha-

675 3678 871 3762 goreis
933 3685 993 3741 et
1053 3677 1274 3742 studiis
1333 3678 1460 3743 illis
1518 3678 1817 3743 dedisse.’'
1939 3676 2285 3742 Secundum
2345 3677 2678 3762 Apuleium

675 3797 882 3881 (supra
927 3818 987 3880 p.
1040 3777 1189 3881 165)
1234 3796 1329 3861 bis
1373 3797 1681 3883 profectus
1730 3804 1823 3861 est
1865 3798 1931 3860 in
1977 3796 2218 3860 Italiam
2265 3802 2336 3859 ut
2378 3795 2683 3881 Pythago-

738 4093 789 4156 1)
824 4093 983 4144 Etiam
1027 4093 1313 4145 Plutarchus
1355 4096 1472 4146 dicit
1520 4097 1766 4147 Platonem
1804 4102 1865 4157 ἐξ
1912 4097 2170 4156 Ἰταλίας
2204 4103 2267 4155 εἰς
2302 4099 2579 4166 Συρακούσας
2602 4114 2675 4148 Ve-

671 4188 819 4248 nisse3
852 4190 933 4239 sed
966 4189 1105 4239 huius
1137 4191 1400 4240 testimonii
1431 4193 1557 4243 ratio
1590 4193 1802 4244 habenda
1835 4211 1928 4242 non
1964 4199 2062 4253 est,
2097 4193 2208 4259 quia
2241 4197 2480 4243 auctorem
2515 4193 2672 4258 sequi-

670 4289 753 4335 tur
785 4285 1064 4350 Epistulam.
1132 4286 1240 4336 vid.
1275 4286 1377 4336 vit.
1412 4287 1557 4338 Dion.
1592 4305 1633 4338 c.
1669 4291 1716 4338 4.
