<?xml version="1.0" encoding="UTF-8"?>
<!DOCTYPE html PUBLIC "-//W3C//DTD XHTML 1.0 Transitional//EN"
    "http://www.w3.org/TR/xhtml1/DTD/xhtml1-transitional.dtd">
<html xmlns="http://www.w3.org/1999/xhtml" xml:lang="en" lang="en">
 <head>
  <title>
</title>
<meta http-equiv="Content-Type" content="text/html;charset=utf-8" />
  <meta name='ocr-system' content='tesseract 3.04.00' />
  <meta name='ocr-capabilities' content='ocr_page ocr_carea ocr_par ocr_line ocrx_word'/>
</head>
<body>
  <div class='ocr_page' id='page_1' title='image "./commentatiocrit01karsgoog_0264.png"; bbox 0 0 3092 5084; ppageno 0'>
   <div class='ocr_carea' id='block_1_1' title="bbox 1536 492 1666 554">
    <p class='ocr_par' dir='ltr' id='par_1_1' title="bbox 1536 492 1666 554">
     <span class='ocr_line' id='line_1_1' title="bbox 1536 492 1666 554; baseline 0.008 -1"><span class='ocrx_word' id='word_1_1' title='bbox 1536 492 1666 554; x_wconf 77' lang='lat'><strong>228</strong></span> 
     </span>
    </p>
   </div>
   <div class='ocr_carea' id='block_1_2' title="bbox 527 693 2656 2451">
    <p class='ocr_par' dir='ltr' id='par_1_2' title="bbox 527 693 2656 2451">
     <span class='ocr_line' id='line_1_2' title="bbox 596 693 2619 790; baseline -0.006 -20"><span class='ocrx_word' id='word_1_2' title='bbox 596 703 823 790; x_wconf 84' lang='lat' dir='ltr'><strong>reperit</strong></span> <span class='ocrx_word' id='word_1_3' title='bbox 860 705 986 790; x_wconf 84' lang='lat' dir='ltr'><strong>jam</strong></span> <span class='ocrx_word' id='word_1_4' title='bbox 1034 707 1447 768; x_wconf 81' lang='lat' dir='ltr'><strong>senescentem</strong></span> <span class='ocrx_word' id='word_1_5' title='bbox 1492 705 1557 762; x_wconf 90' lang='lat' dir='ltr'><strong>et</strong></span> <span class='ocrx_word' id='word_1_6' title='bbox 1601 721 1638 763; x_wconf 91' lang='lat' dir='ltr'><strong>a</strong></span> <span class='ocrx_word' id='word_1_7' title='bbox 1684 696 1988 783; x_wconf 84' lang='lat' dir='ltr'>prioribus</span> <span class='ocrx_word' id='word_1_8' title='bbox 2059 693 2320 760; x_wconf 89' lang='lat' dir='ltr'><strong>ducibus</strong></span> <span class='ocrx_word' id='word_1_9' title='bbox 2373 715 2619 778; x_wconf 84' lang='lat' dir='ltr'><strong>corrup-</strong></span> 
     </span>
     <span class='ocr_line' id='line_1_3' title="bbox 596 811 2614 906; baseline -0.005 -18"><span class='ocrx_word' id='word_1_10' title='bbox 596 830 733 888; x_wconf 85' lang='lat' dir='ltr'><strong>tum</strong></span> <span class='ocrx_word' id='word_1_11' title='bbox 749 873 766 901; x_wconf 89' lang='lat'>,</span> <span class='ocrx_word' id='word_1_12' title='bbox 816 830 889 886; x_wconf 90' lang='lat' dir='ltr'><strong>ut</strong></span> <span class='ocrx_word' id='word_1_13' title='bbox 920 821 1109 906; x_wconf 87' lang='lat' dir='ltr'><strong>ipsius</strong></span> <span class='ocrx_word' id='word_1_14' title='bbox 1157 817 1427 884; x_wconf 87' lang='lat' dir='ltr'><strong>consiliis</strong></span> <span class='ocrx_word' id='word_1_15' title='bbox 1474 838 1682 882; x_wconf 86' lang='lat' dir='ltr'><strong>aurem</strong></span> <span class='ocrx_word' id='word_1_16' title='bbox 1729 813 2016 902; x_wconf 87' lang='lat' dir='ltr'><strong>praebere</strong></span> <span class='ocrx_word' id='word_1_17' title='bbox 2060 812 2314 878; x_wconf 89' lang='lat' dir='ltr'><strong>nollet.”</strong></span> <span class='ocrx_word' id='word_1_18' title='bbox 2383 811 2614 878; x_wconf 82' lang='lat' dir='ltr'><strong>Eodem</strong></span> 
     </span>
     <span class='ocr_line' id='line_1_4' title="bbox 602 931 2615 1029; baseline -0.004 -24"><span class='ocrx_word' id='word_1_19' title='bbox 602 948 883 1029; x_wconf 86' lang='lat' dir='ltr'><strong>spectant</strong></span> <span class='ocrx_word' id='word_1_20' title='bbox 918 962 1075 1024; x_wconf 87' lang='lat' dir='ltr'><strong>quae</strong></span> <span class='ocrx_word' id='word_1_21' title='bbox 1122 940 1187 1006; x_wconf 88' lang='grc'><strong>111</strong></span> <span class='ocrx_word' id='word_1_22' title='bbox 1232 937 1346 1003; x_wconf 88' lang='lat' dir='ltr'><strong>hac</strong></span> <span class='ocrx_word' id='word_1_23' title='bbox 1392 938 1527 1023; x_wconf 87' lang='lat' dir='ltr'><strong>ipsa</strong></span> <span class='ocrx_word' id='word_1_24' title='bbox 1571 934 1851 1022; x_wconf 76' lang='lat' dir='ltr'><strong>Epistola</strong></span> <span class='ocrx_word' id='word_1_25' title='bbox 1895 935 2216 1019; x_wconf 85' lang='lat' dir='ltr'><strong>leguntur,</strong></span> <span class='ocrx_word' id='word_1_26' title='bbox 2267 955 2327 1018; x_wconf 90' lang='lat' dir='ltr'><strong>p.</strong></span> <span class='ocrx_word' id='word_1_27' title='bbox 2360 935 2488 998; x_wconf 78' lang='lat'><strong>330</strong></span> <span class='ocrx_word' id='word_1_28' title='bbox 2525 931 2582 996; x_wconf 95' lang='lat' dir='ltr'>D</span> <span class='ocrx_word' id='word_1_29' title='bbox 2598 981 2615 1008; x_wconf 84' lang='lat'><strong>,</strong></span> 
     </span>
     <span class='ocr_line' id='line_1_5' title="bbox 527 1051 2619 1140; baseline -0.004 -16"><span class='ocrx_word' id='word_1_30' title='bbox 527 1055 532 1061; x_wconf 71' lang='grc'><strong>’</strong></span> <span class='ocrx_word' id='word_1_31' title='bbox 600 1060 855 1124; x_wconf 89' lang='lat' dir='ltr'><strong>consilia</strong></span> <span class='ocrx_word' id='word_1_32' title='bbox 912 1081 1038 1124; x_wconf 91' lang='lat' dir='ltr'><strong>non</strong></span> <span class='ocrx_word' id='word_1_33' title='bbox 1096 1056 1300 1122; x_wconf 86' lang='lat' dir='ltr'><strong>danda</strong></span> <span class='ocrx_word' id='word_1_34' title='bbox 1344 1078 1473 1121; x_wconf 89' lang='lat' dir='ltr'><strong>esse</strong></span> <span class='ocrx_word' id='word_1_35' title='bbox 1520 1077 1632 1119; x_wconf 87' lang='lat' dir='ltr'><strong>nec</strong></span> <span class='ocrx_word' id='word_1_36' title='bbox 1679 1053 1930 1140; x_wconf 85' lang='lat' dir='ltr'><strong>privatis</strong></span> <span class='ocrx_word' id='word_1_37' title='bbox 1985 1051 2335 1118; x_wconf 89' lang='lat' dir='ltr'><strong>hominibus</strong></span> <span class='ocrx_word' id='word_1_38' title='bbox 2381 1073 2494 1116; x_wconf 87' lang='lat' dir='ltr'><strong>nec</strong></span> <span class='ocrx_word' id='word_1_39' title='bbox 2540 1052 2619 1116; x_wconf 87' lang='lat' dir='ltr'><strong>ci-</strong></span> 
     </span>
     <span class='ocr_line' id='line_1_6' title="bbox 568 1144 2620 1262; baseline -0.005 -17"><span class='ocrx_word' id='word_1_40' title='bbox 568 1144 897 1245; x_wconf 41' lang='lat' dir='ltr'><strong>·vitatibus</strong></span> <span class='ocrx_word' id='word_1_41' title='bbox 914 1229 931 1257; x_wconf 89' lang='lat'>,</span> <span class='ocrx_word' id='word_1_42' title='bbox 981 1178 1099 1244; x_wconf 85' lang='lat' dir='ltr'><strong>nisi</strong></span> <span class='ocrx_word' id='word_1_43' title='bbox 1154 1177 1371 1262; x_wconf 86' lang='lat' dir='ltr'><strong>dignos</strong></span> <span class='ocrx_word' id='word_1_44' title='bbox 1416 1175 1491 1239; x_wconf 89' lang='lat' dir='ltr'><strong>iis</strong></span> <span class='ocrx_word' id='word_1_45' title='bbox 1538 1197 1602 1239; x_wconf 89' lang='lat' dir='ltr'><strong>se</strong></span> <span class='ocrx_word' id='word_1_46' title='bbox 1650 1173 1978 1260; x_wconf 86' lang='lat' dir='ltr'><strong>praebeant</strong></span> <span class='ocrx_word' id='word_1_47' title='bbox 2022 1173 2220 1257; x_wconf 86' lang='lat' dir='ltr'><strong>iisque</strong></span> <span class='ocrx_word' id='word_1_48' title='bbox 2261 1193 2486 1236; x_wconf 87' lang='lat' dir='ltr'><strong>morem</strong></span> <span class='ocrx_word' id='word_1_49' title='bbox 2523 1194 2620 1255; x_wconf 87' lang='lat' dir='ltr'><strong>ge-</strong></span> 
     </span>
     <span class='ocr_line' id='line_1_7' title="bbox 600 1289 2620 1376; baseline -0.004 -14"><span class='ocrx_word' id='word_1_50' title='bbox 600 1320 731 1362; x_wconf 87' lang='lat' dir='ltr'><strong>rere</strong></span> <span class='ocrx_word' id='word_1_51' title='bbox 778 1320 841 1360; x_wconf 90' lang='lat' dir='ltr'><strong>se</strong></span> <span class='ocrx_word' id='word_1_52' title='bbox 883 1296 1039 1361; x_wconf 86' lang='lat' dir='ltr'><strong>velle</strong></span> <span class='ocrx_word' id='word_1_53' title='bbox 1086 1294 1431 1360; x_wconf 83' lang='lat' dir='ltr'><strong>ostendant.</strong></span> <span class='ocrx_word' id='word_1_54' title='bbox 1490 1293 1624 1358; x_wconf 89' lang='lat' dir='ltr'><strong>Nec</strong></span> <span class='ocrx_word' id='word_1_55' title='bbox 1669 1315 1796 1358; x_wconf 88' lang='lat' dir='ltr'><strong>non</strong></span> <span class='ocrx_word' id='word_1_56' title='bbox 1841 1315 1913 1357; x_wconf 85' lang='lat' dir='ltr'><strong>ea</strong></span> <span class='ocrx_word' id='word_1_57' title='bbox 1957 1314 2114 1376; x_wconf 84' lang='lat' dir='ltr'><strong>quae</strong></span> <span class='ocrx_word' id='word_1_58' title='bbox 2142 1293 2204 1356; x_wconf 89' lang='lat' dir='ltr'><strong>in</strong></span> <span class='ocrx_word' id='word_1_59' title='bbox 2230 1291 2509 1376; x_wconf 76' lang='lat' dir='ltr'><strong>Epistola</strong></span> <span class='ocrx_word' id='word_1_60' title='bbox 2526 1289 2620 1354; x_wconf 91' lang='lat' dir='ltr'><strong>IX</strong></span> 
     </span>
     <span class='ocr_line' id='line_1_8' title="bbox 601 1395 2622 1499; baseline -0.003 -20"><span class='ocrx_word' id='word_1_61' title='bbox 601 1415 781 1480; x_wconf 86' lang='lat' dir='ltr'><strong>Plato</strong></span> <span class='ocrx_word' id='word_1_62' title='bbox 826 1414 904 1478; x_wconf 88' lang='lat' dir='ltr'><strong>ad</strong></span> <span class='ocrx_word' id='word_1_63' title='bbox 952 1413 1285 1499; x_wconf 75' lang='lat' dir='ltr'><strong>Archytam</strong></span> <span class='ocrx_word' id='word_1_64' title='bbox 1333 1412 1602 1477; x_wconf 87' lang='lat' dir='ltr'><strong>scribens</strong></span> <span class='ocrx_word' id='word_1_65' title='bbox 1650 1395 1963 1476; x_wconf 84' lang='lat' dir='ltr'><strong>inducitur</strong></span> <span class='ocrx_word' id='word_1_66' title='bbox 1977 1460 1997 1489; x_wconf 90' lang='lat'>‚</span> <span class='ocrx_word' id='word_1_67' title='bbox 2046 1434 2108 1497; x_wconf 89' lang='lat' dir='ltr'><strong>p.</strong></span> <span class='ocrx_word' id='word_1_68' title='bbox 2141 1412 2272 1474; x_wconf 80' lang='lat'><strong>358</strong></span> <span class='ocrx_word' id='word_1_69' title='bbox 2303 1413 2361 1474; x_wconf 89' lang='lat' dir='ltr'>A</span> <span class='ocrx_word' id='word_1_70' title='bbox 2376 1460 2395 1489; x_wconf 92' lang='lat'><em>,</em></span> <span class='ocrx_word' id='word_1_71' title='bbox 2427 1432 2622 1494; x_wconf 89' lang='lat' dir='ltr'><strong>quum</strong></span> 
     </span>
     <span class='ocr_line' id='line_1_9' title="bbox 603 1527 2656 1615; baseline -0.003 -17"><span class='ocrx_word' id='word_1_72' title='bbox 603 1555 743 1598; x_wconf 91' lang='lat' dir='ltr'><strong>eum</strong></span> <span class='ocrx_word' id='word_1_73' title='bbox 804 1533 1088 1597; x_wconf 77' lang='lat' dir='ltr'><strong>hortatur</strong></span> <span class='ocrx_word' id='word_1_74' title='bbox 1141 1554 1221 1597; x_wconf 89' lang='lat' dir='ltr'><strong>ne</strong></span> <span class='ocrx_word' id='word_1_75' title='bbox 1278 1531 1345 1596; x_wconf 90' lang='grc'><strong>111</strong></span> <span class='ocrx_word' id='word_1_76' title='bbox 1400 1528 1769 1615; x_wconf 87' lang='lat' dir='ltr'><strong>capessenda</strong></span> <span class='ocrx_word' id='word_1_77' title='bbox 1826 1528 2140 1615; x_wconf 75' lang='lat' dir='ltr'><strong>republica</strong></span> <span class='ocrx_word' id='word_1_78' title='bbox 2196 1529 2468 1594; x_wconf 87' lang='lat' dir='ltr'><strong>animum</strong></span> <span class='ocrx_word' id='word_1_79' title='bbox 2522 1527 2656 1592; x_wconf 87' lang='lat' dir='ltr'><strong>de·-</strong></span> 
     </span>
     <span class='ocr_line' id='line_1_10' title="bbox 604 1647 2619 1738; baseline -0.002 -22"><span class='ocrx_word' id='word_1_80' title='bbox 604 1651 934 1738; x_wconf 87' lang='lat' dir='ltr'><strong>spondeat‚</strong></span> <span class='ocrx_word' id='word_1_81' title='bbox 1005 1651 1293 1736; x_wconf 88' lang='lat' dir='ltr'><strong>quoniam</strong></span> <span class='ocrx_word' id='word_1_82' title='bbox 1362 1671 1487 1714; x_wconf 90' lang='lat' dir='ltr'><strong>non</strong></span> <span class='ocrx_word' id='word_1_83' title='bbox 1549 1648 1727 1714; x_wconf 91' lang='lat' dir='ltr'><strong>nobis</strong></span> <span class='ocrx_word' id='word_1_84' title='bbox 1780 1649 1980 1714; x_wconf 88' lang='lat' dir='ltr'><strong>solum</strong></span> <span class='ocrx_word' id='word_1_85' title='bbox 2031 1649 2163 1713; x_wconf 89' lang='lat' dir='ltr'><strong>nati</strong></span> <span class='ocrx_word' id='word_1_86' title='bbox 2216 1649 2439 1727; x_wconf 88' lang='lat' dir='ltr'><strong>simus,</strong></span> <span class='ocrx_word' id='word_1_87' title='bbox 2513 1647 2619 1713; x_wconf 90' lang='lat' dir='ltr'><strong>sed</strong></span> 
     </span>
     <span class='ocr_line' id='line_1_11' title="bbox 604 1769 2622 1857; baseline -0.002 -21"><span class='ocrx_word' id='word_1_88' title='bbox 604 1777 838 1857; x_wconf 87' lang='lat' dir='ltr'><strong>partem</strong></span> <span class='ocrx_word' id='word_1_89' title='bbox 900 1770 1096 1834; x_wconf 81' lang='lat' dir='ltr'><strong>nostri</strong></span> <span class='ocrx_word' id='word_1_90' title='bbox 1142 1769 1354 1846; x_wconf 85' lang='lat' dir='ltr'><strong>amici,</strong></span> <span class='ocrx_word' id='word_1_91' title='bbox 1402 1778 1637 1852; x_wconf 85' lang='lat' dir='ltr'><strong>partem</strong></span> <span class='ocrx_word' id='word_1_92' title='bbox 1707 1775 1984 1852; x_wconf 86' lang='lat' dir='ltr'><strong>parentes</strong></span> <span class='ocrx_word' id='word_1_93' title='bbox 2000 1817 2020 1846; x_wconf 87' lang='lat'><em>,</em></span> <span class='ocrx_word' id='word_1_94' title='bbox 2089 1775 2322 1854; x_wconf 87' lang='lat' dir='ltr'><strong>partem</strong></span> <span class='ocrx_word' id='word_1_95' title='bbox 2378 1789 2622 1853; x_wconf 88' lang='lat' dir='ltr'><strong>quoque</strong></span> 
     </span>
     <span class='ocr_line' id='line_1_12' title="bbox 604 1886 2623 1976; baseline -0.001 -22"><span class='ocrx_word' id='word_1_96' title='bbox 604 1889 803 1976; x_wconf 88' lang='lat' dir='ltr'><strong>patria</strong></span> <span class='ocrx_word' id='word_1_97' title='bbox 872 1889 989 1953; x_wconf 90' lang='lat' dir='ltr'><strong>sibi</strong></span> <span class='ocrx_word' id='word_1_98' title='bbox 1064 1888 1331 1954; x_wconf 85' lang='lat' dir='ltr'><strong>vindicet</strong></span> <span class='ocrx_word' id='word_1_99' title='bbox 1345 1913 1365 1966; x_wconf 69' lang='grc' dir='ltr'><strong>ς</strong></span> <span class='ocrx_word' id='word_1_100' title='bbox 1428 1886 1634 1966; x_wconf 82' lang='lat' dir='ltr'><strong>addit,</strong></span> <span class='ocrx_word' id='word_1_101' title='bbox 1711 1887 1909 1952; x_wconf 87' lang='lat' dir='ltr'><strong>multa</strong></span> <span class='ocrx_word' id='word_1_102' title='bbox 1981 1896 2185 1954; x_wconf 88' lang='lat' dir='ltr'><strong>tamen</strong></span> <span class='ocrx_word' id='word_1_103' title='bbox 2261 1886 2524 1972; x_wconf 89' lang='lat' dir='ltr'><strong>pendere</strong></span> <span class='ocrx_word' id='word_1_104' title='bbox 2586 1910 2623 1951; x_wconf 90' lang='lat' dir='ltr'><strong>a</strong></span> 
     </span>
     <span class='ocr_line' id='line_1_13' title="bbox 606 2006 2622 2093; baseline -0.003 -18"><span class='ocrx_word' id='word_1_105' title='bbox 606 2011 908 2093; x_wconf 88' lang='lat' dir='ltr'><strong>cuiusque</strong></span> <span class='ocrx_word' id='word_1_106' title='bbox 974 2009 1135 2073; x_wconf 86' lang='lat' dir='ltr'><strong>vitae</strong></span> <span class='ocrx_word' id='word_1_107' title='bbox 1200 2006 1578 2093; x_wconf 86' lang='lat' dir='ltr'><strong>temporibus</strong></span> <span class='ocrx_word' id='word_1_108' title='bbox 1598 2033 1618 2072; x_wconf 73' lang='grc' dir='ltr'><em>τ</em></span> <span class='ocrx_word' id='word_1_109' title='bbox 1681 2007 1882 2073; x_wconf 73' lang='grc' dir='ltr'><strong><em>πολλὰ</em></strong></span> <span class='ocrx_word' id='word_1_110' title='bbox 1941 2006 2002 2072; x_wconf 73' lang='grc' dir='ltr'><strong>δὲ</strong></span> <span class='ocrx_word' id='word_1_111' title='bbox 2059 2009 2158 2073; x_wconf 72' lang='grc' dir='ltr'><strong>καὶ</strong></span> <span class='ocrx_word' id='word_1_112' title='bbox 2226 2015 2345 2081; x_wconf 78' lang='grc' dir='ltr'><strong>τοῖς</strong></span> <span class='ocrx_word' id='word_1_113' title='bbox 2411 2014 2622 2089; x_wconf 72' lang='grc' dir='ltr'><strong>καιροῖς</strong></span> 
     </span>
     <span class='ocr_line' id='line_1_14' title="bbox 607 2125 2623 2211; baseline -0.002 -17"><span class='ocrx_word' id='word_1_114' title='bbox 607 2128 822 2194; x_wconf 73' lang='grc' dir='ltr'><strong>δίδοται</strong></span> <span class='ocrx_word' id='word_1_115' title='bbox 882 2134 1001 2200; x_wconf 79' lang='grc' dir='ltr'><strong>τοῖς</strong></span> <span class='ocrx_word' id='word_1_116' title='bbox 1060 2127 1159 2192; x_wconf 77' lang='grc' dir='ltr'><strong>τὸν</strong></span> <span class='ocrx_word' id='word_1_117' title='bbox 1216 2128 1343 2204; x_wconf 79' lang='grc' dir='ltr'><strong><em>βίον</em></strong></span> <span class='ocrx_word' id='word_1_118' title='bbox 1398 2129 1556 2205; x_wconf 75' lang='grc' dir='ltr'><strong>ἡμῶν</strong></span> <span class='ocrx_word' id='word_1_119' title='bbox 1601 2125 2204 2205; x_wconf 69' lang='grc' dir='ltr'><strong>καταλκμβοὶνουσινε</strong></span> <span class='ocrx_word' id='word_1_120' title='bbox 2254 2148 2410 2211; x_wconf 90' lang='lat' dir='ltr'><strong>quae</strong></span> <span class='ocrx_word' id='word_1_121' title='bbox 2455 2125 2623 2190; x_wconf 87' lang='lat' dir='ltr'><strong>haud</strong></span> 
     </span>
     <span class='ocr_line' id='line_1_15' title="bbox 611 2241 2627 2332; baseline -0.001 -20"><span class='ocrx_word' id='word_1_122' title='bbox 611 2247 866 2316; x_wconf 85' lang='lat' dir='ltr'><strong>obscure</strong></span> <span class='ocrx_word' id='word_1_123' title='bbox 928 2252 1208 2332; x_wconf 88' lang='lat' dir='ltr'><strong>spectant</strong></span> <span class='ocrx_word' id='word_1_124' title='bbox 1267 2244 1347 2310; x_wconf 85' lang='lat' dir='ltr'><strong>ad</strong></span> <span class='ocrx_word' id='word_1_125' title='bbox 1405 2253 1684 2331; x_wconf 89' lang='lat' dir='ltr'><strong>tempora</strong></span> <span class='ocrx_word' id='word_1_126' title='bbox 1727 2266 1884 2329; x_wconf 89' lang='lat' dir='ltr'><strong>quae</strong></span> <span class='ocrx_word' id='word_1_127' title='bbox 1929 2244 2049 2310; x_wconf 88' lang='lat' dir='ltr'><strong>sibi</strong></span> <span class='ocrx_word' id='word_1_128' title='bbox 2093 2245 2384 2329; x_wconf 84' lang='lat' dir='ltr'><strong>obtigisse</strong></span> <span class='ocrx_word' id='word_1_129' title='bbox 2430 2241 2627 2331; x_wconf 81' lang='lat' dir='ltr'><strong>phil&#39;o-</strong></span> 
     </span>
     <span class='ocr_line' id='line_1_16' title="bbox 615 2362 1884 2451; baseline -0.001 -21"><span class='ocrx_word' id='word_1_130' title='bbox 615 2365 849 2451; x_wconf 89' lang='lat' dir='ltr'><strong>sophus</strong></span> <span class='ocrx_word' id='word_1_131' title='bbox 894 2365 1073 2430; x_wconf 91' lang='lat' dir='ltr'><strong>initio</strong></span> <span class='ocrx_word' id='word_1_132' title='bbox 1120 2363 1431 2449; x_wconf 81' lang='lat' dir='ltr'><strong>Epistulae</strong></span> <span class='ocrx_word' id='word_1_133' title='bbox 1477 2362 1610 2428; x_wconf 88' lang='lat' dir='ltr'><strong>VII</strong></span> <span class='ocrx_word' id='word_1_134' title='bbox 1653 2363 1884 2429; x_wconf 77' lang='lat' dir='ltr'><strong>scribit.</strong></span> 
     </span>
    </p>
   </div>
   <div class='ocr_carea' id='block_1_3' title="bbox 612 2601 2642 4352">
    <p class='ocr_par' dir='ltr' id='par_1_3' title="bbox 612 2601 2642 4352">
     <span class='ocr_line' id='line_1_17' title="bbox 701 2601 2623 2688; baseline 0.001 -22"><span class='ocrx_word' id='word_1_135' title='bbox 701 2601 915 2688; x_wconf 87' lang='lat' dir='ltr'><strong>Longe</strong></span> <span class='ocrx_word' id='word_1_136' title='bbox 959 2623 1101 2666; x_wconf 81' lang='lat' dir='ltr'><strong>vero</strong></span> <span class='ocrx_word' id='word_1_137' title='bbox 1146 2601 1410 2667; x_wconf 86' lang='lat' dir='ltr'><strong>maxima</strong></span> <span class='ocrx_word' id='word_1_138' title='bbox 1456 2601 1747 2687; x_wconf 83' lang='lat' dir='ltr'><strong>epistolae</strong></span> <span class='ocrx_word' id='word_1_139' title='bbox 1795 2624 1934 2688; x_wconf 84' lang='lat' dir='ltr'><strong>pars</strong></span> <span class='ocrx_word' id='word_1_140' title='bbox 1971 2601 2232 2668; x_wconf 83' lang='lat' dir='ltr'><strong>refertur</strong></span> <span class='ocrx_word' id='word_1_141' title='bbox 2276 2601 2355 2666; x_wconf 90' lang='lat' dir='ltr'><strong>ad</strong></span> <span class='ocrx_word' id='word_1_142' title='bbox 2385 2603 2623 2668; x_wconf 82' lang='lat' dir='ltr'><strong>itinera.</strong></span> 
     </span>
     <span class='ocr_line' id='line_1_18' title="bbox 614 2720 2626 2808; baseline -0.001 -20"><span class='ocrx_word' id='word_1_143' title='bbox 614 2721 905 2788; x_wconf 86' lang='lat' dir='ltr'><strong>Ostendit</strong></span> <span class='ocrx_word' id='word_1_144' title='bbox 964 2743 1029 2786; x_wconf 89' lang='lat' dir='ltr'><strong>se</strong></span> <span class='ocrx_word' id='word_1_145' title='bbox 1086 2721 1355 2806; x_wconf 88' lang='lat' dir='ltr'><strong>primum</strong></span> <span class='ocrx_word' id='word_1_146' title='bbox 1414 2721 1482 2785; x_wconf 89' lang='lat' dir='ltr'><strong>in</strong></span> <span class='ocrx_word' id='word_1_147' title='bbox 1541 2720 1785 2786; x_wconf 83' lang='lat' dir='ltr'><strong>Italiam</strong></span> <span class='ocrx_word' id='word_1_148' title='bbox 1845 2721 2185 2808; x_wconf 84' lang='lat' dir='ltr'><strong>profectum</strong></span> <span class='ocrx_word' id='word_1_149' title='bbox 2248 2743 2377 2786; x_wconf 89' lang='lat' dir='ltr'><strong>esse</strong></span> <span class='ocrx_word' id='word_1_150' title='bbox 2421 2721 2626 2786; x_wconf 86' lang='lat' dir='ltr'><strong>taedio</strong></span> 
     </span>
     <span class='ocr_line' id='line_1_19' title="bbox 612 2839 2628 2928; baseline -0.001 -21"><span class='ocrx_word' id='word_1_151' title='bbox 612 2842 821 2928; x_wconf 74' lang='lat' dir='ltr'><strong>legum</strong></span> <span class='ocrx_word' id='word_1_152' title='bbox 867 2848 930 2905; x_wconf 90' lang='lat' dir='ltr'><strong>et</strong></span> <span class='ocrx_word' id='word_1_153' title='bbox 972 2861 1213 2905; x_wconf 88' lang='lat' dir='ltr'><strong>morum</strong></span> <span class='ocrx_word' id='word_1_154' title='bbox 1258 2839 1556 2920; x_wconf 80' lang='lat' dir='ltr'><strong>civitatis3</strong></span> <span class='ocrx_word' id='word_1_155' title='bbox 1601 2841 1746 2907; x_wconf 90' lang='lat' dir='ltr'><strong>inde</strong></span> <span class='ocrx_word' id='word_1_156' title='bbox 1759 2891 1778 2921; x_wconf 87' lang='lat'><em>,</em></span> <span class='ocrx_word' id='word_1_157' title='bbox 1827 2863 1951 2907; x_wconf 93' lang='lat' dir='ltr'><strong>non</strong></span> <span class='ocrx_word' id='word_1_158' title='bbox 1997 2841 2277 2920; x_wconf 87' lang='lat' dir='ltr'><strong>consilio,</strong></span> <span class='ocrx_word' id='word_1_159' title='bbox 2325 2840 2432 2906; x_wconf 88' lang='lat' dir='ltr'><strong>sed</strong></span> <span class='ocrx_word' id='word_1_160' title='bbox 2469 2841 2628 2906; x_wconf 81' lang='lat' dir='ltr'><strong>forte</strong></span> 
     </span>
     <span class='ocr_line' id='line_1_20' title="bbox 614 2958 2628 3045; baseline -0.001 -18"><span class='ocrx_word' id='word_1_161' title='bbox 614 2962 685 3027; x_wconf 90' lang='lat' dir='ltr'><strong>in</strong></span> <span class='ocrx_word' id='word_1_162' title='bbox 742 2959 1027 3045; x_wconf 83' lang='lat' dir='ltr'><strong>Dionysii</strong></span> <span class='ocrx_word' id='word_1_163' title='bbox 1086 2959 1287 3024; x_wconf 89' lang='lat' dir='ltr'><strong>aulam</strong></span> <span class='ocrx_word' id='word_1_164' title='bbox 1332 2958 1609 3025; x_wconf 86' lang='lat' dir='ltr'><strong>delatum</strong></span> <span class='ocrx_word' id='word_1_165' title='bbox 1653 2961 1720 3025; x_wconf 90' lang='lat' dir='ltr'><strong>in</strong></span> <span class='ocrx_word' id='word_1_166' title='bbox 1769 2961 2048 3026; x_wconf 86' lang='lat' dir='ltr'><strong>notitiam</strong></span> <span class='ocrx_word' id='word_1_167' title='bbox 2093 2962 2329 3026; x_wconf 80' lang='lat' dir='ltr'><strong>venisse</strong></span> <span class='ocrx_word' id='word_1_168' title='bbox 2374 2960 2628 3037; x_wconf 78' lang='lat' dir='ltr'><strong>Dionis3</strong></span> 
     </span>
     <span class='ocr_line' id='line_1_21' title="bbox 614 3077 2630 3166; baseline -0 -22"><span class='ocrx_word' id='word_1_169' title='bbox 614 3080 839 3145; x_wconf 85' lang='lat' dir='ltr'><strong>iterum</strong></span> <span class='ocrx_word' id='word_1_170' title='bbox 880 3078 1067 3144; x_wconf 88' lang='lat' dir='ltr'><strong>huius</strong></span> <span class='ocrx_word' id='word_1_171' title='bbox 1096 3077 1349 3144; x_wconf 85' lang='lat' dir='ltr'><strong>hortatu</strong></span> <span class='ocrx_word' id='word_1_172' title='bbox 1380 3101 1443 3143; x_wconf 90' lang='lat' dir='ltr'><strong>se</strong></span> <span class='ocrx_word' id='word_1_173' title='bbox 1470 3077 1622 3142; x_wconf 89' lang='lat' dir='ltr'><strong>illuc</strong></span> <span class='ocrx_word' id='word_1_174' title='bbox 1654 3078 1994 3165; x_wconf 79' lang='lat' dir='ltr'><strong>profectum</strong></span> <span class='ocrx_word' id='word_1_175' title='bbox 2017 3101 2148 3145; x_wconf 87' lang='lat' dir='ltr'><strong>esse</strong></span> <span class='ocrx_word' id='word_1_176' title='bbox 2170 3079 2470 3146; x_wconf 82' lang='lat' dir='ltr'><strong>invitante</strong></span> <span class='ocrx_word' id='word_1_177' title='bbox 2493 3080 2630 3166; x_wconf 76' lang='lat' dir='ltr'><strong>ipso</strong></span> 
     </span>
     <span class='ocr_line' id='line_1_22' title="bbox 624 3196 2634 3286; baseline 0.001 -24"><span class='ocrx_word' id='word_1_178' title='bbox 624 3197 923 3283; x_wconf 89' lang='lat' dir='ltr'><strong>Dionysio</strong></span> <span class='ocrx_word' id='word_1_179' title='bbox 938 3245 958 3274; x_wconf 87' lang='lat'>‚</span> <span class='ocrx_word' id='word_1_180' title='bbox 999 3203 1074 3261; x_wconf 88' lang='lat' dir='ltr'><strong>ut</strong></span> <span class='ocrx_word' id='word_1_181' title='bbox 1118 3197 1173 3260; x_wconf 89' lang='lat' dir='ltr'><strong>ei</strong></span> <span class='ocrx_word' id='word_1_182' title='bbox 1216 3196 1493 3283; x_wconf 86' lang='lat' dir='ltr'><strong>injiceret</strong></span> <span class='ocrx_word' id='word_1_183' title='bbox 1536 3197 1843 3286; x_wconf 69' lang='grc' dir='ltr'><strong><em>ἐπιθυμίαν</em></strong></span> <span class='ocrx_word' id='word_1_184' title='bbox 1877 3204 1982 3266; x_wconf 80' lang='grc' dir='ltr'><strong>τοῦ</strong></span> <span class='ocrx_word' id='word_1_185' title='bbox 2017 3199 2337 3264; x_wconf 73' lang='grc' dir='ltr'><strong><em>καλλίστου</em></strong></span> <span class='ocrx_word' id='word_1_186' title='bbox 2374 3200 2473 3264; x_wconf 73' lang='grc' dir='ltr'><strong>καὶ</strong></span> <span class='ocrx_word' id='word_1_187' title='bbox 2511 3199 2634 3278; x_wconf 66' lang='grc' dir='ltr'><strong><em>ὥρι’-</em></strong></span> 
     </span>
     <span class='ocr_line' id='line_1_23' title="bbox 624 3314 2632 3402; baseline -0 -19"><span class='ocrx_word' id='word_1_188' title='bbox 624 3340 765 3383; x_wconf 80' lang='grc' dir='ltr'><strong><em>στου</em></strong></span> <span class='ocrx_word' id='word_1_189' title='bbox 823 3314 957 3394; x_wconf 78' lang='grc' dir='ltr'><strong><em>βίου</em></strong></span> <span class='ocrx_word' id='word_1_190' title='bbox 1030 3321 1093 3380; x_wconf 90' lang='lat' dir='ltr'><strong>et</strong></span> <span class='ocrx_word' id='word_1_191' title='bbox 1143 3315 1232 3380; x_wconf 86' lang='lat' dir='ltr'><strong>ita</strong></span> <span class='ocrx_word' id='word_1_192' title='bbox 1276 3314 1594 3402; x_wconf 84' lang='lat' dir='ltr'><strong>Syracusis</strong></span> <span class='ocrx_word' id='word_1_193' title='bbox 1639 3338 1708 3382; x_wconf 87' lang='lat' dir='ltr'><strong>ac</strong></span> <span class='ocrx_word' id='word_1_194' title='bbox 1754 3317 1872 3381; x_wconf 92' lang='lat' dir='ltr'><strong>toti</strong></span> <span class='ocrx_word' id='word_1_195' title='bbox 1917 3316 2160 3382; x_wconf 83' lang='lat' dir='ltr'><strong>Siciliae</strong></span> <span class='ocrx_word' id='word_1_196' title='bbox 2204 3317 2394 3382; x_wconf 87' lang='lat' dir='ltr'><strong>saluti</strong></span> <span class='ocrx_word' id='word_1_197' title='bbox 2437 3325 2632 3395; x_wconf 82' lang='lat' dir='ltr'><strong>esset3</strong></span> 
     </span>
     <span class='ocr_line' id='line_1_24' title="bbox 626 3432 2636 3521; baseline 0 -22"><span class='ocrx_word' id='word_1_198' title='bbox 626 3433 811 3499; x_wconf 88' lang='lat' dir='ltr'><strong>tertio</strong></span> <span class='ocrx_word' id='word_1_199' title='bbox 856 3432 1152 3519; x_wconf 87' lang='lat' dir='ltr'><strong>denique,</strong></span> <span class='ocrx_word' id='word_1_200' title='bbox 1199 3440 1273 3498; x_wconf 85' lang='lat' dir='ltr'><strong>ut</strong></span> <span class='ocrx_word' id='word_1_201' title='bbox 1301 3433 1567 3498; x_wconf 88' lang='lat' dir='ltr'><strong>Dionem</strong></span> <span class='ocrx_word' id='word_1_202' title='bbox 1611 3433 1990 3500; x_wconf 84' lang='lat' dir='ltr'><strong>exsulantem</strong></span> <span class='ocrx_word' id='word_1_203' title='bbox 2037 3442 2296 3521; x_wconf 84' lang='lat' dir='ltr'><strong>tyranno</strong></span> <span class='ocrx_word' id='word_1_204' title='bbox 2325 3434 2636 3500; x_wconf 87' lang='lat' dir='ltr'><strong>reconcili-</strong></span> 
     </span>
     <span class='ocr_line' id='line_1_25' title="bbox 629 3551 2636 3640; baseline 0 -22"><span class='ocrx_word' id='word_1_205' title='bbox 629 3560 759 3620; x_wconf 82' lang='lat' dir='ltr'><strong>aret</strong></span> <span class='ocrx_word' id='word_1_206' title='bbox 802 3559 898 3631; x_wconf 86' lang='lat' dir='ltr'><strong>et,</strong></span> <span class='ocrx_word' id='word_1_207' title='bbox 947 3551 1113 3637; x_wconf 90' lang='lat' dir='ltr'><strong>quod</strong></span> <span class='ocrx_word' id='word_1_208' title='bbox 1160 3557 1338 3618; x_wconf 86' lang='lat' dir='ltr'><strong>antea</strong></span> <span class='ocrx_word' id='word_1_209' title='bbox 1380 3553 1609 3618; x_wconf 85' lang='lat' dir='ltr'><strong>frustra</strong></span> <span class='ocrx_word' id='word_1_210' title='bbox 1643 3561 1940 3619; x_wconf 87' lang='lat' dir='ltr'><strong>tentasset</strong></span> <span class='ocrx_word' id='word_1_211' title='bbox 1955 3604 1976 3634; x_wconf 90' lang='lat'>‚</span> <span class='ocrx_word' id='word_1_212' title='bbox 2025 3577 2163 3620; x_wconf 91' lang='lat' dir='ltr'><strong>eum</strong></span> <span class='ocrx_word' id='word_1_213' title='bbox 2213 3553 2636 3640; x_wconf 88' lang='lat' dir='ltr'><strong>philosophiae</strong></span> 
     </span>
     <span class='ocr_line' id='line_1_26' title="bbox 630 3670 2638 3759; baseline 0 -23"><span class='ocrx_word' id='word_1_214' title='bbox 630 3670 807 3737; x_wconf 87' lang='lat' dir='ltr'><strong>cultu</strong></span> <span class='ocrx_word' id='word_1_215' title='bbox 850 3671 1157 3751; x_wconf 74' lang='lat' dir='ltr'><strong>formaret.</strong></span> <span class='ocrx_word' id='word_1_216' title='bbox 1205 3670 1323 3736; x_wconf 88' lang='lat' dir='ltr'><strong>His</strong></span> <span class='ocrx_word' id='word_1_217' title='bbox 1361 3671 1735 3757; x_wconf 83' lang='lat' dir='ltr'><strong>exponendis</strong></span> <span class='ocrx_word' id='word_1_218' title='bbox 1765 3673 2026 3758; x_wconf 84' lang='lat' dir='ltr'><strong>scriptor</strong></span> <span class='ocrx_word' id='word_1_219' title='bbox 2054 3672 2324 3738; x_wconf 83' lang='lat' dir='ltr'><strong>ostendit</strong></span> <span class='ocrx_word' id='word_1_220' title='bbox 2353 3681 2415 3737; x_wconf 89' lang='lat' dir='ltr'><strong>et</strong></span> <span class='ocrx_word' id='word_1_221' title='bbox 2440 3673 2638 3759; x_wconf 84' lang='lat' dir='ltr'><strong>justas</strong></span> 
     </span>
     <span class='ocr_line' id='line_1_27' title="bbox 630 3790 2638 3878; baseline 0.001 -24"><span class='ocrx_word' id='word_1_222' title='bbox 630 3791 748 3856; x_wconf 87' lang='lat' dir='ltr'><strong>sibi</strong></span> <span class='ocrx_word' id='word_1_223' title='bbox 793 3811 862 3854; x_wconf 88' lang='lat' dir='ltr'><strong>ac</strong></span> <span class='ocrx_word' id='word_1_224' title='bbox 906 3811 1117 3874; x_wconf 81' lang='lat' dir='ltr'><strong>graves</strong></span> <span class='ocrx_word' id='word_1_225' title='bbox 1162 3790 1349 3856; x_wconf 82' lang='lat' dir='ltr'><strong>fuisse</strong></span> <span class='ocrx_word' id='word_1_226' title='bbox 1402 3812 1614 3856; x_wconf 85' lang='lat' dir='ltr'><strong>causas</strong></span> <span class='ocrx_word' id='word_1_227' title='bbox 1659 3790 1985 3876; x_wconf 78' lang='lat' dir='ltr'><strong>Syracusas</strong></span> <span class='ocrx_word' id='word_1_228' title='bbox 2030 3791 2454 3878; x_wconf 87' lang='lat' dir='ltr'><strong>proficiscendi</strong></span> <span class='ocrx_word' id='word_1_229' title='bbox 2483 3799 2546 3856; x_wconf 89' lang='lat' dir='ltr'><strong>et</strong></span> <span class='ocrx_word' id='word_1_230' title='bbox 2573 3791 2638 3856; x_wconf 89' lang='lat' dir='ltr'><strong>in</strong></span> 
     </span>
     <span class='ocr_line' id='line_1_28' title="bbox 632 3901 2642 3995; baseline 0 -21"><span class='ocrx_word' id='word_1_231' title='bbox 632 3907 993 3974; x_wconf 85' lang='lat' dir='ltr'><strong>commercio</strong></span> <span class='ocrx_word' id='word_1_232' title='bbox 1052 3930 1191 3974; x_wconf 87' lang='lat' dir='ltr'><strong>cum</strong></span> <span class='ocrx_word' id='word_1_233' title='bbox 1251 3907 1549 3995; x_wconf 88' lang='lat' dir='ltr'><strong>Dionysio</strong></span> <span class='ocrx_word' id='word_1_234' title='bbox 1609 3918 1672 3974; x_wconf 88' lang='lat' dir='ltr'><strong>et</strong></span> <span class='ocrx_word' id='word_1_235' title='bbox 1733 3910 1930 3976; x_wconf 92' lang='lat' dir='ltr'><strong>Dione</strong></span> <span class='ocrx_word' id='word_1_236' title='bbox 1991 3901 2148 3975; x_wconf 89' lang='lat' dir='ltr'><strong>nihil</strong></span> <span class='ocrx_word' id='word_1_237' title='bbox 2217 3933 2280 3975; x_wconf 91' lang='lat' dir='ltr'><strong>se</strong></span> <span class='ocrx_word' id='word_1_238' title='bbox 2339 3918 2642 3995; x_wconf 88' lang='lat' dir='ltr'><strong>spectasse</strong></span> 
     </span>
     <span class='ocr_line' id='line_1_29' title="bbox 633 4007 2642 4114; baseline -0 -20"><span class='ocrx_word' id='word_1_239' title='bbox 633 4027 751 4094; x_wconf 89' lang='lat' dir='ltr'><strong>nisi</strong></span> <span class='ocrx_word' id='word_1_240' title='bbox 782 4025 950 4111; x_wconf 91' lang='lat' dir='ltr'><strong>quod</strong></span> <span class='ocrx_word' id='word_1_241' title='bbox 995 4033 1057 4092; x_wconf 89' lang='lat' dir='ltr'><strong>et</strong></span> <span class='ocrx_word' id='word_1_242' title='bbox 1116 4026 1419 4092; x_wconf 82' lang='lat' dir='ltr'><strong>amicitiae</strong></span> <span class='ocrx_word' id='word_1_243' title='bbox 1477 4007 1742 4094; x_wconf 81' lang='lat' dir='ltr'><strong>officium</strong></span> <span class='ocrx_word' id='word_1_244' title='bbox 1803 4036 1864 4092; x_wconf 89' lang='lat' dir='ltr'><strong>et</strong></span> <span class='ocrx_word' id='word_1_245' title='bbox 1909 4028 2332 4114; x_wconf 86' lang='lat' dir='ltr'><strong>philosophiae</strong></span> <span class='ocrx_word' id='word_1_246' title='bbox 2375 4029 2642 4114; x_wconf 82' lang='lat' dir='ltr'><strong>dignitas</strong></span> 
     </span>
     <span class='ocr_line' id='line_1_30' title="bbox 635 4144 2642 4234; baseline 0.001 -23"><span class='ocrx_word' id='word_1_247' title='bbox 635 4144 1036 4233; x_wconf 87' lang='lat' dir='ltr'><strong>postularent.</strong></span> <span class='ocrx_word' id='word_1_248' title='bbox 1093 4145 1231 4210; x_wconf 88' lang='lat' dir='ltr'><strong>Hoc</strong></span> <span class='ocrx_word' id='word_1_249' title='bbox 1276 4147 1542 4212; x_wconf 76' lang='lat' dir='ltr'><strong>consilio&#39;</strong></span> <span class='ocrx_word' id='word_1_250' title='bbox 1575 4149 1980 4214; x_wconf 83' lang='lat' dir='ltr'><strong>narrationem</strong></span> <span class='ocrx_word' id='word_1_251' title='bbox 2026 4147 2196 4212; x_wconf 87' lang='lat' dir='ltr'><strong>illam</strong></span> <span class='ocrx_word' id='word_1_252' title='bbox 2240 4148 2642 4234; x_wconf 85' lang='lat' dir='ltr'><strong>conscriptam</strong></span> 
     </span>
     <span class='ocr_line' id='line_1_31' title="bbox 636 4261 2640 4352; baseline -0 -21"><span class='ocrx_word' id='word_1_253' title='bbox 636 4287 765 4332; x_wconf 88' lang='lat' dir='ltr'><strong>esse</strong></span> <span class='ocrx_word' id='word_1_254' title='bbox 810 4265 944 4351; x_wconf 86' lang='lat' dir='ltr'><strong>ipsa</strong></span> <span class='ocrx_word' id='word_1_255' title='bbox 986 4261 1297 4348; x_wconf 81' lang='lat' dir='ltr'><strong>Epistolae</strong></span> <span class='ocrx_word' id='word_1_256' title='bbox 1316 4300 1323 4306; x_wconf 92' lang='lat'><strong>·</strong></span> <span class='ocrx_word' id='word_1_257' title='bbox 1343 4266 1523 4332; x_wconf 82' lang='lat' dir='ltr'><strong>verba</strong></span> <span class='ocrx_word' id='word_1_258' title='bbox 1569 4267 1788 4352; x_wconf 87' lang='lat' dir='ltr'><strong>passim</strong></span> <span class='ocrx_word' id='word_1_259' title='bbox 1837 4266 2002 4331; x_wconf 88' lang='lat' dir='ltr'><strong>haud</strong></span> <span class='ocrx_word' id='word_1_260' title='bbox 2050 4266 2305 4332; x_wconf 87' lang='lat' dir='ltr'><strong>obscure</strong></span> <span class='ocrx_word' id='word_1_261' title='bbox 2349 4266 2640 4332; x_wconf 87' lang='lat' dir='ltr'><strong>indicant.</strong></span> 
     </span>
    </p>
   </div>
  </div>
 </body>
</html>
