3092 5084
1397 492 1476 552 21

433 699 754 762 dominum
816 723 879 762 se
940 699 1228 784 gessisse,
1286 719 1464 760 nemo
1519 697 1841 762 mirabitur
1880 699 1986 783 qui
2030 699 2247 783 legerit
2293 719 2448 782 quae

425 818 778 881 referuntur
824 817 899 882 ab
945 817 1260 880 Athenaeo
1305 815 1462 879 libro
1509 815 1607 879 XI
1652 823 1801 880 extr.

516 935 683 999 Huic
729 935 1018 1020 epistolae
1064 957 1247 998 sensu
1295 941 1356 997 et
1401 933 1717 998 voluntate
1762 935 1941 1018 plane
1989 936 2293 1000 contraria
2356 944 2448 998 est

429 1053 682 1132 ultima,
721 1053 926 1117 XIII:
979 1060 1048 1117 ut
1092 1053 1201 1116 illa
1243 1051 1627 1137 implacabile
1674 1052 1884 1117 odium
1930 1054 2153 1138 spirat,
2180 1054 2267 1117 ita
2300 1055 2447 1118 haec

420 1173 709 1237 intimam
769 1172 1002 1237 redolet
1064 1171 1556 1236 familiaritatem.
1651 1171 1731 1235 Et
1782 1178 1982 1236 tamen
2030 1173 2240 1237 ambae
2286 1173 2445 1238 cirea

419 1292 589 1356 idem
633 1298 875 1377 tempus
907 1291 1166 1376 scriptae
1196 1292 1549 1374 finguntur,
1600 1313 1671 1355 eo
1718 1291 1949 1354 scilicet
1982 1299 2283 1377 tempore,
2320 1315 2441 1375 quo

421 1411 604 1474 Plato
665 1411 744 1474 ob
803 1410 1056 1495 injurias
1119 1411 1306 1475 Dioni
1367 1409 1569 1473 illatas
1586 1460 1604 1488 ‚
1667 1417 1909 1495 turpem
1972 1411 2404 1494 relegationem
2421 1461 2439 1489 ‚

419 1529 672 1593 vendita
716 1528 904 1607 bona,
954 1550 1204 1592 uxorem
1237 1528 1411 1592 alteri
1443 1527 1647 1592 datam
1663 1578 1681 1606 ‚
1730 1528 2115 1592 vehementer
2146 1528 2441 1612 Dionysio

416 1648 698 1712 infensus
745 1655 920 1712 esset.
1013 1647 1233 1731 Itaque
1279 1647 1437 1710 duae
1481 1646 1597 1710 hae
1642 1646 1956 1731 Epistolae
1970 1695 1989 1724 ‚
2049 1647 2082 1710 I
2130 1655 2191 1711 et
2236 1647 2438 1726 XIII,

417 1772 496 1830 ut
540 1767 699 1831 inter
743 1789 806 1830 se
837 1773 1142 1851 pugnant,
1192 1766 1278 1829 ita
1309 1787 1453 1828 cum
1483 1763 1780 1850 Epistolis
1812 1764 1917 1828 III
1962 1752 2182 1830 et'VII
2212 1789 2437 1850 nequa-

423 1906 613 1968 quam
659 1890 1026 1968 congruunt.

511 2003 790 2089 Epistola
835 1997 927 2065 IV
973 2003 1198 2087 scripta
1240 2009 1331 2065 est
1361 2001 1579 2078 Dioni,
1629 2023 1821 2085 quum
1854 2001 2107 2087 expulso
2139 2002 2435 2088 Dionysio

416 2121 490 2184 in
555 2120 763 2185 Sicilia
829 2127 1184 2184 versaretur.
1277 2119 1580 2184 Hortatur
1648 2142 1787 2183 eum
1860 2126 1929 2182 ut
1995 2120 2304 2185 moderate
2368 2144 2433 2185 se

418 2246 596 2324 gerat
637 2239 702 2303 in
747 2238 1001 2323 imperio
1069 2244 1262 2322 utque
1331 2260 1471 2301 cum
1516 2236 1917 2302 familiaribus
1934 2286 1953 2315 ‚
2002 2237 2325 2302 Heraclide
2374 2247 2435 2303 et

413 2356 752 2456 Theodote„
787 2356 1170 2434 concordiam
1193 2363 1407 2434 servet,
1441 2355 1914 2436 aemulationem
1938 2355 2105 2419 vitet.
2156 2356 2290 2421 Hac
2316 2357 2437 2442 epi-

414 2477 580 2540 stola
607 2477 778 2540 velut
801 2475 1076 2561 exemplo
1101 2474 1458 2551 ostenditur,
1494 2480 1725 2558 quanta
1747 2497 1894 2539 cura
1915 2474 2093 2538 Plato
2122 2475 2433 2540 absentem

413 2595 683 2658 amicum
729 2601 792 2658 et
835 2593 1205 2678 discipulum
1251 2591 1520 2658 consiliis
1554 2599 1805 2677 regeret.
1856 2591 2017 2658 Cum
2048 2593 2331 2678 Epistola
2361 2593 2431 2658 II

415 2713 579 2776 hanc
625 2711 1103 2776 convenientiam
1149 2711 1334 2775 habet
1350 2760 1368 2788 ‚
1417 2711 1585 2795 quod
1630 2710 1953 2795 utriusque
2000 2718 2427 2796 argumentum

417 2837 480 2894 et
528 2829 705 2894 stilus
751 2828 1028 2894 redolent
1072 2829 1322 2906 μελετῆν
1368 2828 1766 2892 rhetoricam:
1817 2829 2005 2892 altera
2032 2828 2428 2914 Dionysium,

417 2947 610 3012 altera
668 2947 929 3012 Dionem
990 2946 1364 3012 summorum
1421 2947 1689 3012 virorum
1751 2947 2027 3032 exemplo
2088 2948 2306 3012 incitat
2351 2949 2429 3012 ad

416 3067 708 3132 virtutem
753 3074 815 3132 et
858 3067 1239 3132 honestatem
1249 3092 1268 3144 3
1317 3065 1526 3130 eadem
1569 3066 1859 3130 iactantia
1902 3066 1967 3131 in
1999 3059 2259 3152 utraque
2289 3090 2428 3133 con-

420 3186 683 3272 spicitur
698 3235 717 3264 ‚
780 3208 848 3250 ac
909 3185 1135 3252 similes
1195 3208 1385 3270 paene
1431 3185 1763 3250 sententiae
1807 3185 1873 3250 in
1916 3185 1991 3250 iis
2036 3186 2327 3272 leguntur
2361 3188 2426 3272 1).

418 3304 652 3370 Ambae
715 3304 829 3368 hae
905 3277 1238 3389 epistolae:
1301 3325 1670 3388 quamquam
1732 3325 1937 3368 earum
2005 3313 2428 3390 argumentum

414 3446 449 3488 e
509 3421 640 3486 VH
701 3422 875 3506 quasi
935 3445 968 3488 e
1025 3422 1334 3486 communi
1393 3421 1651 3486 armario
1712 3421 2100 3507 depromtum
2146 3421 2387 3487 videtur
2406 3474 2424 3502 ‚

417 3549 624 3606 tamen
671 3540 959 3606 orationis
1005 3541 1204 3605 colore
1251 3547 1312 3604 et
1355 3539 1659 3605 tractandi
1700 3540 1935 3606 ratione
1980 3541 2194 3605 multis
2237 3543 2426 3607 nomi-

419 3649 604 3724 nibus
648 3659 762 3724 hac
806 3657 1116 3724 inferiores
1163 3665 1310 3722 sunt
1354 3656 1685 3723 habendae.

485 3988 534 4048 1)
569 3986 650 4036 Cf.
701 3987 791 4051 Ep.
829 3987 908 4047 II,
945 4003 992 4051 p.
1029 3987 1126 4036 310
1159 3987 1230 4037 E:
1285 3987 1378 4040 οὔτ’
1429 3991 1557 4040 αὐτοὶ
1605 3993 1797 4052 ἀγνῶτές
1846 3993 1982 4053 ἐσμεν
2026 3989 2164 4040 οὐδενὶ
2194 3989 2432 4061 Ἑλλήνων,

415 4080 504 4134 οὔθ’
531 4088 560 4140 ἡ
595 4086 796 4136 ammeta
826 4086 950 4148 ἡμῶν
984 4093 1172 4148 σιγᾶται
1205 4087 1296 4136 ›ez-2.
1347 4088 1397 4134 ct
1439 4084 1528 4149 Ep.
1576 4083 1662 4144 IV,
1716 4100 1763 4149 p.
1824 4083 1920 4156 320
1968 4085 2035 4133 cz
2084 4091 2437 4152 ἀναμιμνήσκειν

413 4179 479 4228 δεῖ
510 4183 637 4243 ἡμᾶς
671 4181 829 4236 αὐτοὺς
863 4182 936 4230 ὅτι
969 4188 1183 4248 προςήκει
1228 4183 1360 4233 πλέον
1403 4184 1433 4242 ἢ
1477 4181 1649 4234 παίδων
1691 4187 1777 4234 τῶν
1820 4182 1965 4234 ἄλλων
1998 4185 2241 4252 ἀνθρώπων
2276 4183 2435 4249 διαφέ-

413 4293 510 4342 ρειν
547 4275 648 4333 τοὺς
679 4274 810 4326 οἶσθα
843 4275 999 4334 δήπου.
