3092 5084
1645 495 1767 553 194

688 701 766 765 ad
798 701 1155 786 qualitatem
1202 699 1499 783 cuiusque
1546 699 1633 762 rei
1679 720 1864 782 quam
1911 697 1988 762 ad
2036 700 2357 764 essentiam
2406 700 2711 766 declaran-

688 819 827 883 dam
872 820 967 884 δια
997 819 1063 882 τὸ
1098 825 1207 882 τῶν
1246 817 1437 893 λόγων
1473 816 1704 888 άσθενὲς
1718 865 1737 900 ,
1786 817 1864 880 ob
1896 817 2114 902 judicii
2163 819 2707 884 imbecillitatem.”

688 936 1013 1018 Quomodo
1061 944 1266 1002 autem
1312 938 1377 1000 in
1422 937 1539 1000 hoc
1587 937 1704 1000 sita
1749 959 1879 1002 esse
1925 944 2126 1021 potest
2172 959 2356 1003 causa
2400 939 2476 1002 ob
2525 960 2709 1022 quam

686 1059 925 1122 animus
958 1058 1300 1142 distinguat
1326 1058 1393 1122 τὸ
1432 1057 1586 1122 ποιὸν
1625 1065 1685 1121 et
1730 1058 1796 1122 τὸ
1843 1056 1901 1122 ὃν
1917 1105 1936 1134 ,
1986 1078 2248 1140 quorum
2281 1057 2438 1122 illud
2487 1080 2668 1120 sensu
2688 1108 2706 1134 ,

685 1177 801 1241 hoc
860 1177 1095 1240 ratione
1162 1174 1477 1239 noscitur?
1569 1174 1643 1238 Id
1713 1174 1964 1259 perinde
2032 1181 2155 1252 est,
2219 1175 2437 1260 opinor
2453 1225 2471 1254 ‚
2538 1197 2609 1240 ac
2655 1176 2708 1238 si

686 1295 948 1360 diceres:
1014 1316 1227 1358 sensus
1287 1315 1412 1357 non
1474 1292 1675 1356 solum
1736 1292 1996 1356 colorem
2059 1292 2165 1357 sed
2221 1293 2402 1358 etiam
2446 1293 2705 1377 figuram

684 1435 887 1478 rerum
932 1413 1108 1477 nobis
1155 1411 1487 1476 ostendunt
1532 1411 1612 1475 ob
1657 1411 1823 1476 visus
1869 1403 2367 1476 imbecillitatem.
2433 1411 2514 1476 Et
2558 1434 2706 1496 quo·

686 1532 868 1596 modo
930 1554 1071 1596 cum
1132 1531 1227 1594 his
1282 1531 1563 1594 cohaeret
1607 1529 1952 1594 conclusio:
2002 1526 2044 1594 ὦ
2055 1555 2084 1594 ν
2128 1527 2338 1594 ἕνεκα
2383 1537 2506 1600 νοῦν
2550 1530 2703 1611 ἔχων

685 1651 863 1722 οὐδεὶς
907 1651 1187 1726 τολμήσει
1232 1651 1365 1713 ποτ’
1408 1649 1487 1719 εἶς
1533 1648 1678 1713 αὐτὸ
1722 1647 1934 1712 τιθέναι
1979 1649 2062 1712 τοὶ
2107 1647 2412 1726 νενοημένα
2457 1649 2555 1714 ὑπ’
2603 1651 2706 1712 αὐ-

686 1776 787 1834 τοῦ
806 1819 823 1852 ,
870 1769 970 1833 καὶ
1014 1771 1188 1832 ταῦτ’
1232 1767 1312 1838 εἷς
1356 1767 1782 1844 ἀμετακίνητον
1797 1817 1816 1841 ,
1864 1764 1892 1830 ὃ
1937 1767 2004 1842 δὴ
2050 1765 2284 1846 πάσχει
2313 1769 2398 1832 τα
2427 1789 2701 1847 γεγραμ-

687 1888 837 1966 μένα
880 1885 1111 1964 rain-0143
1155 1886 1221 1950 in
1268 1884 1493 1968 quibus
1538 1885 1699 1948 illud
1741 1886 1819 1957 εἶς
1867 1884 2012 1950 αὐτὸ
2042 1884 2425 1949 referendum
2457 1884 2702 1948 videtur

689 2005 766 2070 ad
822 2006 889 2070 τὸ
948 2011 1059 2070 τῶν
1126 2003 1316 2080 λόγων
1368 2002 1636 2080 άσθενέςς
1685 2000 1838 2066 dicit
1883 2023 2058 2086 ergo:
2106 2001 2230 2082 „ob
2277 2001 2387 2066 has
2434 2003 2702 2066 rationes

688 2128 1006 2208 (quasnam
1021 2122 1071 2206 P)
1116 2143 1297 2186 nemo
1342 2121 1580 2205 sapiens
1613 2119 1865 2185 audebit
1894 2121 2158 2204 cogitata
2185 2121 2250 2184 in
2282 2118 2664 2184 definitiones
2682 2170 2700 2197 ‚

689 2251 749 2306 et
804 2242 913 2306 has
959 2242 1024 2305 in
1069 2240 1324 2304 formam
1367 2238 1811 2304 immutabilem
1827 2287 1846 2316 ‚
1894 2238 1955 2302 h.
2006 2262 2056 2302 e.
2105 2239 2171 2302 in
2218 2238 2459 2317 literae,
2510 2238 2702 2304 inclu-

684 2360 889 2424 dere.’'
948 2357 1333 2422 Videnturne
1377 2357 1525 2421 haec
1571 2379 1701 2420 esse
1731 2357 1862 2421 sani
1892 2357 2108 2441 capitis
2139 2357 2440 2441 cogitata,
2489 2380 2566 2420 an
2598 2379 2702 2441 po-

684 2480 811 2543 tius
849 2477 1161 2541 delirantis
1201 2475 1296 2539 vel
1328 2475 1802 2560 praestigiatoris
1834 2474 2078 2559 nugae?
2141 2473 2348 2539 Dictio
2379 2476 2588 2540 τιθέναι
2621 2477 2698 2548 εἰς

683 2598 1026 2678 γράμματα
1043 2645 1057 2669 ,
1095 2615 1207 2678 pro
1251 2593 1439 2658 liter-io
1481 2599 1710 2670 notare,
1746 2594 1937 2677 petita
1973 2601 2065 2657 est
2097 2616 2129 2657 e
2162 2592 2411 2678 Cratylo
2427 2643 2445 2670 ‚
2479 2616 2538 2677 p.
2568 2596 2694 2656 390

682 2716 771 2778 E:
819 2719 879 2780 οὐ
924 2716 1130 2778 πάντα
1174 2714 1509 2792 δημιουργὸν
1554 2713 1845 2789 ὀνομάτων
1883 2709 2025 2776 εἶναι
2043 2761 2058 2792 ,
2085 2713 2253 2777 ἄλλα
2279 2711 2446 2789 μόνον
2467 2711 2604 2776 τὸν.
2636 2763 2650 2778 .
2681 2764 2694 2776 .

680 2833 988 2912 δυνάμενον
1052 2835 1232 2898 αὐτοῦ
1292 2831 1359 2896 τὸ
1405 2827 1549 2902 ⁸230.-
1593 2830 1802 2896 τιθέναι
1849 2829 1929 2904 εἴς
1975 2856 2042 2896 τε
2080 2833 2160 2895 τοὶ
2205 2830 2554 2910 γράμματα
2600 2831 2698 2893 καὶ

679 2953 792 3024 τὰς
838 2949 1178 3028 συλλαβάς.

672 3124 679 3128 .
769 3070 848 3134 In
892 3066 1289 3153 sequentibus
1335 3065 1638 3144 ostendit‚'
1686 3073 1936 3151 excepto
1981 3073 2082 3132 τοῦ
2128 3067 2280 3138 ὄντος
2327 3074 2526 3132 cetera
2571 3089 2696 3131 om-

652 3189 817 3266 ·nia,
878 3187 1084 3265 ὄνομα,
1144 3186 1354 3262 λόγον,
1416 3183 1666 3262 εἴδωλα,
1715 3184 1976 3250 obscura
2018 3207 2146 3249 esse
2198 3207 2310 3250 nec
2358 3185 2693 3270 quidquam

678 3306 923 3385 βέβαιον
966 3305 1209 3369 habere.
1285 3301 1614 3384 Quomodo
1659 3303 1808 3366 haec
1853 3310 2195 3387 congruant
2239 3325 2379 3368 cum
2425 3305 2690 3391 superio-

678 3425 883 3502 ribus,
932 3423 1043 3491 uhi
1085 3422 1243 3486 dixit
1284 3422 1416 3502 τρία
1460 3443 1591 3485 esse
1635 3420 1708 3486 δι’
1753 3416 1824 3485 ὧν
1869 3423 1972 3495 τὴν
2017 3422 2416 3499 ἐπιστήμην
2453 3422 2688 3499 άνάγκη

680 3542 1176 3624 παραγίγνεσθαι,
1230 3549 1292 3603 et
1336 3561 1520 3623 quam
1566 3540 1880 3604 scientiam
1933 3539 2142 3604 afferre
2185 3541 2377 3625 possit
2421 3543 2689 3626 cognitio

680 3683 882 3725 rerum
928 3682 1085 3744 quae
1137 3659 1329 3743 ipsius
1376 3658 1725 3722 testimonio
1769 3657 1927 3722 nihil
1974 3657 2200 3723 habent
2237 3661 2420 3738 certi,
2469 3660 2532 3724 id
2562 3682 2687 3724 non

680 3777 960 3863 explicat.
1008 3775 1294 3840 Ceterum
1341 3798 1495 3860 quae
1548 3774 1699 3840 dicit
1744 3775 1820 3840 de
1865 3786 2084 3841 natura
2113 3777 2388 3852 ὀνόματος
2421 3786 2481 3842 et
2509 3760 2686 3856 λόγου

682 3919 714 3959 e
753 3894 999 3980 Cratylo
1039 3895 1260 3958 hausta
1298 3901 1443 3957 sunt
1459 3899 1485 3971 ,'
1526 3894 1691 3958 unde
1730 3895 1913 3958 etiam
1951 3894 2223 3959 definitio
2267 3895 2445 3972 λόγου
2461 3946 2478 3973 ,
2520 3897 2683 3981 quod

678 4013 745 4090 ἐξ
793 4011 1080 4088 ὀνομάτων
1128 4013 1227 4078 καὶ
1281 4012 1552 4093 ῥημάτων
1589 4011 1921 4090 ξύγκειται,
1970 4014 2287 4099 depromta
2332 4024 2442 4078 est.
2536 4014 2680 4079 Vide.

677 4130 841 4196 Orat.
874 4155 934 4218 p.
961 4133 1086 4195 431
1122 4131 1209 4195 B:
1257 4131 1304 4196 εἰ
1338 4131 1397 4195 δὲ
1426 4133 1666 4211 ῥήματα
1696 4134 1795 4196 καὶ
1826 4133 2060 4209 5νο’ματ’
2083 4136 2236 4197 ἐστιν
2265 4131 2408 4197 οὕτω
2438 4133 2680 4207 τιθέναι,

674 4251 906 4327 ἀνάγκη
954 4255 1049 4316 καὶ
1098 4251 1305 4327 λόγους
1334 4272 1349 4287 ·
1398 4250 1560 4327 λόγοι
1607 4252 1724 4331 γάρ
1771 4276 1908 4329 που,
1957 4256 2030 4323 ὡς
2077 4247 2302 4332 ἐγῷμαι
2322 4301 2340 4334 ,
2391 4255 2424 4327 ἦ
2469 4253 2682 4316 τούτων
