<?xml version="1.0" encoding="UTF-8"?>
<!DOCTYPE html PUBLIC "-//W3C//DTD XHTML 1.0 Transitional//EN"
    "http://www.w3.org/TR/xhtml1/DTD/xhtml1-transitional.dtd">
<html xmlns="http://www.w3.org/1999/xhtml" xml:lang="en" lang="en">
 <head>
  <title>
</title>
<meta http-equiv="Content-Type" content="text/html;charset=utf-8" />
  <meta name='ocr-system' content='tesseract 3.04.00' />
  <meta name='ocr-capabilities' content='ocr_page ocr_carea ocr_par ocr_line ocrx_word'/>
</head>
<body>
  <div class='ocr_page' id='page_1' title='image "./commentatiocrit01karsgoog_0221.png"; bbox 0 0 3092 5084; ppageno 0'>
   <div class='ocr_carea' id='block_1_1' title="bbox 1381 495 1503 553">
    <p class='ocr_par' dir='ltr' id='par_1_1' title="bbox 1381 495 1503 553">
     <span class='ocr_line' id='line_1_1' title="bbox 1381 495 1503 553; baseline -0.008 0"><span class='ocrx_word' id='word_1_1' title='bbox 1381 495 1503 553; x_wconf 80' lang='lat'><strong>185</strong></span> 
     </span>
    </p>
   </div>
   <div class='ocr_carea' id='block_1_2' title="bbox 438 697 2446 786">
    <p class='ocr_par' dir='ltr' id='par_1_2' title="bbox 438 697 2446 786">
     <span class='ocr_line' id='line_1_2' title="bbox 438 697 2446 786; baseline -0.003 -21"><span class='ocrx_word' id='word_1_2' title='bbox 438 703 623 766; x_wconf 89' lang='lat' dir='ltr'><strong>huius</strong></span> <span class='ocrx_word' id='word_1_3' title='bbox 670 701 907 786; x_wconf 84' lang='lat' dir='ltr'><strong>generis</strong></span> <span class='ocrx_word' id='word_1_4' title='bbox 924 749 941 777; x_wconf 93' lang='lat'><em>‚</em></span> <span class='ocrx_word' id='word_1_5' title='bbox 991 708 1053 764; x_wconf 86' lang='lat' dir='ltr'><strong>et</strong></span> <span class='ocrx_word' id='word_1_6' title='bbox 1097 700 1173 763; x_wconf 87' lang='lat' dir='ltr'><strong>de</strong></span> <span class='ocrx_word' id='word_1_7' title='bbox 1217 699 1385 762; x_wconf 91' lang='lat' dir='ltr'><strong>omni</strong></span> <span class='ocrx_word' id='word_1_8' title='bbox 1431 698 1737 762; x_wconf 81' lang='lat' dir='ltr'><strong>animante</strong></span> <span class='ocrx_word' id='word_1_9' title='bbox 1783 707 1844 762; x_wconf 90' lang='lat' dir='ltr'><strong>et</strong></span> <span class='ocrx_word' id='word_1_10' title='bbox 1885 699 1960 762; x_wconf 91' lang='lat' dir='ltr'><strong>de</strong></span> <span class='ocrx_word' id='word_1_11' title='bbox 1991 699 2331 763; x_wconf 79' lang='lat' dir='ltr'><strong>animorum</strong></span> <span class='ocrx_word' id='word_1_12' title='bbox 2359 697 2446 760; x_wconf 86' lang='lat' dir='ltr'><strong>in-</strong></span> 
     </span>
    </p>
   </div>
   <div class='ocr_carea' id='block_1_3' title="bbox 432 816 2551 902">
    <p class='ocr_par' dir='ltr' id='par_1_3' title="bbox 432 816 2551 902">
     <span class='ocr_line' id='line_1_3' title="bbox 432 816 2551 902; baseline -0.001 -19"><span class='ocrx_word' id='word_1_13' title='bbox 432 820 571 884; x_wconf 90' lang='lat' dir='ltr'><strong>dole</strong></span> <span class='ocrx_word' id='word_1_14' title='bbox 617 828 677 884; x_wconf 91' lang='lat' dir='ltr'><strong>et</strong></span> <span class='ocrx_word' id='word_1_15' title='bbox 722 819 798 884; x_wconf 89' lang='lat' dir='ltr'><strong>de</strong></span> <span class='ocrx_word' id='word_1_16' title='bbox 844 819 1127 884; x_wconf 91' lang='lat' dir='ltr'><strong>omnibus</strong></span> <span class='ocrx_word' id='word_1_17' title='bbox 1168 840 1325 901; x_wconf 86' lang='lat' dir='ltr'><strong>quae</strong></span> <span class='ocrx_word' id='word_1_18' title='bbox 1376 817 1632 880; x_wconf 85' lang='lat' dir='ltr'><strong>facimus</strong></span> <span class='ocrx_word' id='word_1_19' title='bbox 1679 839 1749 881; x_wconf 89' lang='lat' dir='ltr'><strong>ac</strong></span> <span class='ocrx_word' id='word_1_20' title='bbox 1779 817 2063 902; x_wconf 86' lang='lat' dir='ltr'><strong>patimur.</strong></span> <span class='ocrx_word' id='word_1_21' title='bbox 2112 816 2251 880; x_wconf 90' lang='lat' dir='ltr'><strong>Nisi</strong></span> <span class='ocrx_word' id='word_1_22' title='bbox 2283 817 2444 881; x_wconf 88' lang='lat' dir='ltr'><strong>enim</strong></span> <span class='ocrx_word' id='word_1_23' title='bbox 2549 851 2551 856; x_wconf 91' lang='lat'>·</span> 
     </span>
    </p>
   </div>
   <div class='ocr_carea' id='block_1_4' title="bbox 431 935 2523 3628">
    <p class='ocr_par' dir='ltr' id='par_1_4' title="bbox 431 935 2523 3628">
     <span class='ocr_line' id='line_1_4' title="bbox 431 935 2438 1022; baseline -0.001 -20"><span class='ocrx_word' id='word_1_24' title='bbox 431 939 495 1002; x_wconf 86' lang='lat' dir='ltr'><strong>in</strong></span> <span class='ocrx_word' id='word_1_25' title='bbox 554 939 649 1001; x_wconf 89' lang='lat' dir='ltr'><strong>his</strong></span> <span class='ocrx_word' id='word_1_26' title='bbox 695 938 803 1002; x_wconf 88' lang='lat' dir='ltr'><strong>illa</strong></span> <span class='ocrx_word' id='word_1_27' title='bbox 849 945 1114 1022; x_wconf 90' lang='lat' dir='ltr'><strong>quatuor</strong></span> <span class='ocrx_word' id='word_1_28' title='bbox 1160 935 1608 1021; x_wconf 86' lang='lat' dir='ltr'><strong>quodammodo</strong></span> <span class='ocrx_word' id='word_1_29' title='bbox 1656 937 1794 1019; x_wconf 90' lang='lat' dir='ltr'><strong>quis</strong></span> <span class='ocrx_word' id='word_1_30' title='bbox 1839 943 2043 1000; x_wconf 88' lang='lat' dir='ltr'><strong>teneat</strong></span> <span class='ocrx_word' id='word_1_31' title='bbox 2057 985 2076 1014; x_wconf 87' lang='lat'><strong><em>,</em></strong></span> <span class='ocrx_word' id='word_1_32' title='bbox 2126 957 2438 1020; x_wconf 88' lang='lat' dir='ltr'><strong>nunquam</strong></span> 
     </span>
     <span class='ocr_line' id='line_1_5' title="bbox 434 1053 2443 1141; baseline -0.001 -21"><span class='ocrx_word' id='word_1_33' title='bbox 434 1056 695 1141; x_wconf 75' lang='lat' dir='ltr'><strong>perfecte</strong></span> <span class='ocrx_word' id='word_1_34' title='bbox 757 1056 959 1140; x_wconf 88' lang='lat' dir='ltr'><strong>quinti</strong></span> <span class='ocrx_word' id='word_1_35' title='bbox 1022 1055 1307 1119; x_wconf 78' lang='lat' dir='ltr'><strong>scientiae</strong></span> <span class='ocrx_word' id='word_1_36' title='bbox 1368 1055 1672 1140; x_wconf 78' lang='lat' dir='ltr'><strong>particeps</strong></span> <span class='ocrx_word' id='word_1_37' title='bbox 1736 1054 1866 1118; x_wconf 88' lang='lat' dir='ltr'><strong>erit.</strong></span> <span class='ocrx_word' id='word_1_38' title='bbox 1947 1053 2045 1118; x_wconf 86' lang='lat' dir='ltr'><strong>Ad</strong></span> <span class='ocrx_word' id='word_1_39' title='bbox 2091 1054 2238 1118; x_wconf 87' lang='lat' dir='ltr'><strong>haec</strong></span> <span class='ocrx_word' id='word_1_40' title='bbox 2283 1055 2443 1119; x_wconf 90' lang='lat' dir='ltr'><strong>enim</strong></span> 
     </span>
     <span class='ocr_line' id='line_1_6' title="bbox 432 1172 2444 1259; baseline -0.001 -21"><span class='ocrx_word' id='word_1_41' title='bbox 432 1173 543 1238; x_wconf 90' lang='lat' dir='ltr'><strong>illa</strong></span> <span class='ocrx_word' id='word_1_42' title='bbox 585 1197 715 1238; x_wconf 90' lang='lat' dir='ltr'><strong>non</strong></span> <span class='ocrx_word' id='word_1_43' title='bbox 759 1174 962 1238; x_wconf 89' lang='lat' dir='ltr'><strong>minus</strong></span> <span class='ocrx_word' id='word_1_44' title='bbox 1010 1173 1367 1258; x_wconf 81' lang='lat' dir='ltr'><strong>qualitatem</strong></span> <span class='ocrx_word' id='word_1_45' title='bbox 1414 1180 1477 1237; x_wconf 84' lang='lat' dir='ltr'><strong>et</strong></span> <span class='ocrx_word' id='word_1_46' title='bbox 1522 1173 1783 1259; x_wconf 88' lang='lat' dir='ltr'><strong>speciem</strong></span> <span class='ocrx_word' id='word_1_47' title='bbox 1822 1172 2120 1256; x_wconf 90' lang='lat' dir='ltr'><strong>cuiusque</strong></span> <span class='ocrx_word' id='word_1_48' title='bbox 2148 1172 2236 1236; x_wconf 89' lang='lat' dir='ltr'><strong>rei</strong></span> <span class='ocrx_word' id='word_1_49' title='bbox 2260 1195 2444 1256; x_wconf 89' lang='lat' dir='ltr'><strong>quam</strong></span> 
     </span>
     <span class='ocr_line' id='line_1_7' title="bbox 434 1291 2442 1377; baseline -0 -21"><span class='ocrx_word' id='word_1_50' title='bbox 434 1293 756 1357; x_wconf 83' lang='lat' dir='ltr'><strong>essentiam</strong></span> <span class='ocrx_word' id='word_1_51' title='bbox 818 1299 879 1357; x_wconf 90' lang='lat' dir='ltr'><strong>et</strong></span> <span class='ocrx_word' id='word_1_52' title='bbox 940 1293 1061 1356; x_wconf 90' lang='lat' dir='ltr'><strong>vim</strong></span> <span class='ocrx_word' id='word_1_53' title='bbox 1123 1291 1439 1356; x_wconf 85' lang='lat' dir='ltr'><strong>ostendere</strong></span> <span class='ocrx_word' id='word_1_54' title='bbox 1502 1297 1799 1356; x_wconf 89' lang='lat' dir='ltr'><strong>conantur</strong></span> <span class='ocrx_word' id='word_1_55' title='bbox 1843 1297 2086 1377; x_wconf 89' lang='lat' dir='ltr'><strong>propter</strong></span> <span class='ocrx_word' id='word_1_56' title='bbox 2139 1291 2442 1355; x_wconf 87' lang='lat' dir='ltr'><strong>rationum</strong></span> 
     </span>
     <span class='ocr_line' id='line_1_8' title="bbox 432 1409 2447 1497; baseline -0.001 -21"><span class='ocrx_word' id='word_1_57' title='bbox 432 1413 829 1478; x_wconf 86' lang='lat' dir='ltr'><strong>debilitatem.</strong></span> <span class='ocrx_word' id='word_1_58' title='bbox 887 1410 1309 1497; x_wconf 77' lang='lat' dir='ltr'><strong>vQuapropter</strong></span> <span class='ocrx_word' id='word_1_59' title='bbox 1368 1432 1549 1474; x_wconf 89' lang='lat' dir='ltr'><strong>nemo</strong></span> <span class='ocrx_word' id='word_1_60' title='bbox 1609 1409 1832 1474; x_wconf 89' lang='lat' dir='ltr'><strong>mentis</strong></span> <span class='ocrx_word' id='word_1_61' title='bbox 1897 1431 2141 1494; x_wconf 88' lang='lat' dir='ltr'><strong>compos</strong></span> <span class='ocrx_word' id='word_1_62' title='bbox 2199 1409 2447 1474; x_wconf 82' lang='lat' dir='ltr'><strong>audebit</strong></span> 
     </span>
     <span class='ocr_line' id='line_1_9' title="bbox 431 1527 2446 1616; baseline -0.002 -21"><span class='ocrx_word' id='word_1_63' title='bbox 431 1553 705 1615; x_wconf 87' lang='lat' dir='ltr'><strong>unquam</strong></span> <span class='ocrx_word' id='word_1_64' title='bbox 751 1530 818 1594; x_wconf 91' lang='lat' dir='ltr'><strong>in</strong></span> <span class='ocrx_word' id='word_1_65' title='bbox 863 1530 973 1593; x_wconf 87' lang='lat' dir='ltr'><strong>has</strong></span> <span class='ocrx_word' id='word_1_66' title='bbox 1019 1529 1331 1594; x_wconf 85' lang='lat' dir='ltr'><strong>includere</strong></span> <span class='ocrx_word' id='word_1_67' title='bbox 1375 1529 1643 1616; x_wconf 83' lang='lat' dir='ltr'><strong>cogitata</strong></span> <span class='ocrx_word' id='word_1_68' title='bbox 1658 1578 1676 1607; x_wconf 94' lang='lat'><strong><em>,</em></strong></span> <span class='ocrx_word' id='word_1_69' title='bbox 1709 1527 2153 1593; x_wconf 83' lang='lat' dir='ltr'><strong>immutabilem</strong></span> <span class='ocrx_word' id='word_1_70' title='bbox 2183 1550 2446 1613; x_wconf 87' lang='lat' dir='ltr'><strong>praeser-</strong></span> 
     </span>
     <span class='ocr_line' id='line_1_10' title="bbox 432 1645 2444 1730; baseline -0.002 -17"><span class='ocrx_word' id='word_1_71' title='bbox 432 1650 543 1714; x_wconf 86' lang='lat' dir='ltr'><strong>tim</strong></span> <span class='ocrx_word' id='word_1_72' title='bbox 606 1649 670 1713; x_wconf 90' lang='lat' dir='ltr'><strong>in</strong></span> <span class='ocrx_word' id='word_1_73' title='bbox 730 1648 984 1712; x_wconf 83' lang='lat' dir='ltr'><strong>formam</strong></span> <span class='ocrx_word' id='word_1_74' title='bbox 1000 1697 1020 1724; x_wconf 90' lang='lat'><em>,</em></span> <span class='ocrx_word' id='word_1_75' title='bbox 1084 1646 1429 1712; x_wconf 90' lang='lat' dir='ltr'><strong>cuiusmodi</strong></span> <span class='ocrx_word' id='word_1_76' title='bbox 1492 1653 1638 1711; x_wconf 90' lang='lat' dir='ltr'><strong>sunt</strong></span> <span class='ocrx_word' id='word_1_77' title='bbox 1694 1668 1850 1730; x_wconf 89' lang='lat' dir='ltr'><strong>quae</strong></span> <span class='ocrx_word' id='word_1_78' title='bbox 1894 1645 2087 1711; x_wconf 88' lang='lat' dir='ltr'><strong>literis</strong></span> <span class='ocrx_word' id='word_1_79' title='bbox 2132 1653 2444 1722; x_wconf 84' lang='lat' dir='ltr'><strong>notantur.</strong></span> 
     </span>
     <span class='ocr_line' id='line_1_11' title="bbox 432 1764 2444 1850; baseline -0.001 -18"><span class='ocrx_word' id='word_1_80' title='bbox 432 1767 571 1833; x_wconf 92' lang='lat' dir='ltr'><strong>Hoc</strong></span> <span class='ocrx_word' id='word_1_81' title='bbox 632 1774 837 1832; x_wconf 89' lang='lat' dir='ltr'><strong>autem</strong></span> <span class='ocrx_word' id='word_1_82' title='bbox 900 1766 1065 1850; x_wconf 88' lang='lat' dir='ltr'><strong>quod</strong></span> <span class='ocrx_word' id='word_1_83' title='bbox 1126 1788 1292 1831; x_wconf 90' lang='lat' dir='ltr'><strong>nunc</strong></span> <span class='ocrx_word' id='word_1_84' title='bbox 1351 1766 1478 1840; x_wconf 81' lang='lat' dir='ltr'><strong>dixi</strong></span> <span class='ocrx_word' id='word_1_85' title='bbox 1523 1787 1734 1833; x_wconf 85' lang='lat' dir='ltr'><strong>rursus</strong></span> <span class='ocrx_word' id='word_1_86' title='bbox 1782 1773 1871 1830; x_wconf 88' lang='lat' dir='ltr'><strong>est</strong></span> <span class='ocrx_word' id='word_1_87' title='bbox 1917 1764 2444 1830; x_wconf 86' lang='lat' dir='ltr'><strong>considerandum.</strong></span> 
     </span>
     <span class='ocr_line' id='line_1_12' title="bbox 436 1883 2448 1969; baseline -0.001 -19"><span class='ocrx_word' id='word_1_88' title='bbox 436 1885 715 1966; x_wconf 80' lang='lat' dir='ltr'><strong>Quilibet</strong></span> <span class='ocrx_word' id='word_1_89' title='bbox 774 1885 1037 1950; x_wconf 85' lang='lat' dir='ltr'><strong>circulus</strong></span> <span class='ocrx_word' id='word_1_90' title='bbox 1054 1935 1073 1963; x_wconf 91' lang='lat'><em>,</em></span> <span class='ocrx_word' id='word_1_91' title='bbox 1137 1885 1347 1969; x_wconf 89' lang='lat' dir='ltr'><strong>quales</strong></span> <span class='ocrx_word' id='word_1_92' title='bbox 1408 1885 1474 1948; x_wconf 91' lang='lat' dir='ltr'><strong>in</strong></span> <span class='ocrx_word' id='word_1_93' title='bbox 1531 1884 1692 1948; x_wconf 81' lang='lat' dir='ltr'><strong>vitae</strong></span> <span class='ocrx_word' id='word_1_94' title='bbox 1741 1905 1857 1948; x_wconf 90' lang='lat' dir='ltr'><strong>usu</strong></span> <span class='ocrx_word' id='word_1_95' title='bbox 1903 1883 2270 1948; x_wconf 83' lang='lat' dir='ltr'><strong>adhibentur</strong></span> <span class='ocrx_word' id='word_1_96' title='bbox 2283 1932 2304 1962; x_wconf 88' lang='lat'>‚</span> <span class='ocrx_word' id='word_1_97' title='bbox 2355 1883 2448 1947; x_wconf 90' lang='lat' dir='ltr'><strong>vel</strong></span> 
     </span>
     <span class='ocr_line' id='line_1_13' title="bbox 433 2002 2444 2091; baseline -0.001 -22"><span class='ocrx_word' id='word_1_98' title='bbox 433 2005 633 2091; x_wconf 88' lang='lat' dir='ltr'><strong>pictus</strong></span> <span class='ocrx_word' id='word_1_99' title='bbox 694 2003 789 2068; x_wconf 88' lang='lat' dir='ltr'><strong>vel</strong></span> <span class='ocrx_word' id='word_1_100' title='bbox 849 2013 1029 2068; x_wconf 83' lang='lat' dir='ltr'><strong>torno</strong></span> <span class='ocrx_word' id='word_1_101' title='bbox 1089 2004 1287 2067; x_wconf 87' lang='lat' dir='ltr'><strong>factus</strong></span> <span class='ocrx_word' id='word_1_102' title='bbox 1303 2053 1321 2081; x_wconf 93' lang='lat'>‚</span> <span class='ocrx_word' id='word_1_103' title='bbox 1370 2003 1570 2068; x_wconf 87' lang='lat' dir='ltr'><strong>multa</strong></span> <span class='ocrx_word' id='word_1_104' title='bbox 1612 2003 1798 2068; x_wconf 90' lang='lat' dir='ltr'><strong>hahet</strong></span> <span class='ocrx_word' id='word_1_105' title='bbox 1843 2004 2062 2087; x_wconf 90' lang='lat' dir='ltr'><strong>quinto</strong></span> <span class='ocrx_word' id='word_1_106' title='bbox 2108 2002 2444 2067; x_wconf 88' lang='lat' dir='ltr'><strong>contraria:</strong></span> 
     </span>
     <span class='ocr_line' id='line_1_14' title="bbox 432 2121 2448 2207; baseline -0.001 -19"><span class='ocrx_word' id='word_1_107' title='bbox 432 2123 845 2207; x_wconf 85' lang='lat' dir='ltr'><strong>undequaque</strong></span> <span class='ocrx_word' id='word_1_108' title='bbox 900 2122 1061 2186; x_wconf 89' lang='lat' dir='ltr'><strong>enim</strong></span> <span class='ocrx_word' id='word_1_109' title='bbox 1114 2121 1265 2186; x_wconf 86' lang='lat' dir='ltr'><strong>recti</strong></span> <span class='ocrx_word' id='word_1_110' title='bbox 1308 2121 1609 2207; x_wconf 83' lang='lat' dir='ltr'><strong>particeps</strong></span> <span class='ocrx_word' id='word_1_111' title='bbox 1657 2129 1748 2185; x_wconf 88' lang='lat' dir='ltr'><strong>est</strong></span> <span class='ocrx_word' id='word_1_112' title='bbox 1758 2148 1777 2198; x_wconf 90' lang='lat'>;</span> <span class='ocrx_word' id='word_1_113' title='bbox 1823 2122 2027 2206; x_wconf 88' lang='lat' dir='ltr'><strong>ipsum</strong></span> <span class='ocrx_word' id='word_1_114' title='bbox 2072 2143 2214 2185; x_wconf 85' lang='lat' dir='ltr'><strong>vero</strong></span> <span class='ocrx_word' id='word_1_115' title='bbox 2259 2121 2448 2185; x_wconf 88' lang='lat' dir='ltr'><strong>circu-</strong></span> 
     </span>
     <span class='ocr_line' id='line_1_15' title="bbox 431 2218 2448 2326; baseline -0.001 -20"><span class='ocrx_word' id='word_1_116' title='bbox 431 2243 563 2306; x_wconf 90' lang='lat' dir='ltr'><strong>lum</strong></span> <span class='ocrx_word' id='word_1_117' title='bbox 607 2243 868 2320; x_wconf 83' lang='lat' dir='ltr'><strong>fatemur</strong></span> <span class='ocrx_word' id='word_1_118' title='bbox 913 2240 1071 2304; x_wconf 89' lang='lat' dir='ltr'><strong>nihil</strong></span> <span class='ocrx_word' id='word_1_119' title='bbox 1114 2262 1225 2304; x_wconf 90' lang='lat' dir='ltr'><strong>nec</strong></span> <span class='ocrx_word' id='word_1_120' title='bbox 1271 2240 1410 2326; x_wconf 89' lang='lat' dir='ltr'><strong>plus</strong></span> <span class='ocrx_word' id='word_1_121' title='bbox 1456 2261 1567 2304; x_wconf 87' lang='lat' dir='ltr'><strong>nec</strong></span> <span class='ocrx_word' id='word_1_122' title='bbox 1613 2240 1818 2304; x_wconf 88' lang='lat' dir='ltr'><strong>minus</strong></span> <span class='ocrx_word' id='word_1_123' title='bbox 1863 2241 1929 2303; x_wconf 90' lang='lat' dir='ltr'><strong>in</strong></span> <span class='ocrx_word' id='word_1_124' title='bbox 1975 2262 2038 2303; x_wconf 89' lang='lat' dir='ltr'><strong>se</strong></span> <span class='ocrx_word' id='word_1_125' title='bbox 2087 2239 2304 2305; x_wconf 87' lang='lat' dir='ltr'><strong>habere</strong></span> <span class='ocrx_word' id='word_1_126' title='bbox 2345 2218 2448 2304; x_wconf 86' lang='lat' dir='ltr'><strong>na-</strong></span> 
     </span>
     <span class='ocr_line' id='line_1_16' title="bbox 437 2357 2523 2446; baseline -0.001 -22"><span class='ocrx_word' id='word_1_127' title='bbox 437 2369 613 2425; x_wconf 85' lang='lat' dir='ltr'><strong>turae</strong></span> <span class='ocrx_word' id='word_1_128' title='bbox 657 2360 777 2446; x_wconf 89' lang='lat' dir='ltr'><strong>ipsi</strong></span> <span class='ocrx_word' id='word_1_129' title='bbox 823 2359 1191 2438; x_wconf 52' lang='lat' dir='ltr'><strong>contrariae„</strong></span> <span class='ocrx_word' id='word_1_130' title='bbox 1226 2357 1470 2422; x_wconf 90' lang='lat' dir='ltr'><strong>Nomen</strong></span> <span class='ocrx_word' id='word_1_131' title='bbox 1516 2379 1762 2443; x_wconf 89' lang='lat' dir='ltr'><strong>quoque</strong></span> <span class='ocrx_word' id='word_1_132' title='bbox 1795 2359 2158 2443; x_wconf 86' lang='lat' dir='ltr'><strong>cuiusquam</strong></span> <span class='ocrx_word' id='word_1_133' title='bbox 2188 2357 2446 2422; x_wconf 88' lang='lat' dir='ltr'><strong>istorum</strong></span> <span class='ocrx_word' id='word_1_134' title='bbox 2519 2407 2523 2410; x_wconf 86' lang='lat'>-</span> 
     </span>
     <span class='ocr_line' id='line_1_17' title="bbox 434 2467 2446 2562; baseline -0.001 -19"><span class='ocrx_word' id='word_1_135' title='bbox 434 2467 633 2543; x_wconf 88' lang='lat' dir='ltr'><strong>ullum</strong></span> <span class='ocrx_word' id='word_1_136' title='bbox 678 2479 921 2543; x_wconf 89' lang='lat' dir='ltr'><strong>firmum</strong></span> <span class='ocrx_word' id='word_1_137' title='bbox 968 2500 1097 2542; x_wconf 89' lang='lat' dir='ltr'><strong>esse</strong></span> <span class='ocrx_word' id='word_1_138' title='bbox 1143 2499 1470 2562; x_wconf 81' lang='lat' dir='ltr'><strong>negamus:</strong></span> <span class='ocrx_word' id='word_1_139' title='bbox 1518 2477 1674 2542; x_wconf 88' lang='lat' dir='ltr'><strong>nihil</strong></span> <span class='ocrx_word' id='word_1_140' title='bbox 1721 2477 1884 2542; x_wconf 89' lang='lat' dir='ltr'><strong>enim</strong></span> <span class='ocrx_word' id='word_1_141' title='bbox 1929 2483 2094 2541; x_wconf 89' lang='lat' dir='ltr'><strong>vetat</strong></span> <span class='ocrx_word' id='word_1_142' title='bbox 2136 2485 2303 2542; x_wconf 89' lang='lat' dir='ltr'><strong>recta</strong></span> <span class='ocrx_word' id='word_1_143' title='bbox 2347 2499 2446 2540; x_wconf 89' lang='lat' dir='ltr'><strong>vo-</strong></span> 
     </span>
     <span class='ocr_line' id='line_1_18' title="bbox 431 2594 2444 2681; baseline -0.002 -18"><span class='ocrx_word' id='word_1_144' title='bbox 431 2598 554 2664; x_wconf 88' lang='lat' dir='ltr'><strong>cari</strong></span> <span class='ocrx_word' id='word_1_145' title='bbox 588 2619 745 2681; x_wconf 90' lang='lat' dir='ltr'><strong>quae</strong></span> <span class='ocrx_word' id='word_1_146' title='bbox 775 2618 941 2661; x_wconf 88' lang='lat' dir='ltr'><strong>nunc</strong></span> <span class='ocrx_word' id='word_1_147' title='bbox 965 2595 1233 2661; x_wconf 88' lang='lat' dir='ltr'><strong>rotunda</strong></span> <span class='ocrx_word' id='word_1_148' title='bbox 1253 2597 1637 2661; x_wconf 87' lang='lat' dir='ltr'><strong>nominamus</strong></span> <span class='ocrx_word' id='word_1_149' title='bbox 1661 2594 2050 2680; x_wconf 88' lang='lat' dir='ltr'><strong>rotundaque</strong></span> <span class='ocrx_word' id='word_1_150' title='bbox 2073 2617 2229 2679; x_wconf 87' lang='lat' dir='ltr'><strong>quae</strong></span> <span class='ocrx_word' id='word_1_151' title='bbox 2252 2603 2444 2675; x_wconf 85' lang='lat' dir='ltr'><strong>recta,</strong></span> 
     </span>
     <span class='ocr_line' id='line_1_19' title="bbox 438 2714 2448 2801; baseline -0.001 -20"><span class='ocrx_word' id='word_1_152' title='bbox 438 2739 637 2801; x_wconf 89' lang='lat' dir='ltr'><strong>neque</strong></span> <span class='ocrx_word' id='word_1_153' title='bbox 681 2716 886 2780; x_wconf 89' lang='lat' dir='ltr'><strong>minus</strong></span> <span class='ocrx_word' id='word_1_154' title='bbox 931 2715 1104 2779; x_wconf 84' lang='lat' dir='ltr'><strong>firma</strong></span> <span class='ocrx_word' id='word_1_155' title='bbox 1149 2732 1219 2779; x_wconf 87' lang='lat' dir='ltr'><strong>ea</strong></span> <span class='ocrx_word' id='word_1_156' title='bbox 1265 2714 1391 2778; x_wconf 87' lang='lat' dir='ltr'><strong>fore</strong></span> <span class='ocrx_word' id='word_1_157' title='bbox 1435 2714 1788 2779; x_wconf 88' lang='lat' dir='ltr'><strong>nominibus</strong></span> <span class='ocrx_word' id='word_1_158' title='bbox 1819 2715 1884 2778; x_wconf 91' lang='lat' dir='ltr'><strong>in</strong></span> <span class='ocrx_word' id='word_1_159' title='bbox 1913 2714 2284 2779; x_wconf 86' lang='lat' dir='ltr'><strong>contrarium</strong></span> <span class='ocrx_word' id='word_1_160' title='bbox 2316 2737 2448 2779; x_wconf 92' lang='lat' dir='ltr'><strong>mu-</strong></span> 
     </span>
     <span class='ocr_line' id='line_1_20' title="bbox 435 2832 2446 2917; baseline -0 -18"><span class='ocrx_word' id='word_1_161' title='bbox 435 2835 597 2899; x_wconf 77' lang='lat' dir='ltr'><strong>tatiS.</strong></span> <span class='ocrx_word' id='word_1_162' title='bbox 692 2832 921 2897; x_wconf 84' lang='lat' dir='ltr'><strong>Eadem</strong></span> <span class='ocrx_word' id='word_1_163' title='bbox 969 2854 1212 2917; x_wconf 90' lang='lat' dir='ltr'><strong>quoque</strong></span> <span class='ocrx_word' id='word_1_164' title='bbox 1260 2832 1628 2896; x_wconf 84' lang='lat' dir='ltr'><strong>definitionis</strong></span> <span class='ocrx_word' id='word_1_165' title='bbox 1677 2833 1835 2896; x_wconf 88' lang='lat' dir='ltr'><strong>ratio</strong></span> <span class='ocrx_word' id='word_1_166' title='bbox 1879 2839 2002 2910; x_wconf 88' lang='lat' dir='ltr'><strong>est,</strong></span> <span class='ocrx_word' id='word_1_167' title='bbox 2052 2832 2196 2916; x_wconf 89' lang='lat' dir='ltr'><strong>quia</strong></span> <span class='ocrx_word' id='word_1_168' title='bbox 2239 2855 2311 2898; x_wconf 82' lang='lat' dir='ltr'><strong>ex</strong></span> <span class='ocrx_word' id='word_1_169' title='bbox 2343 2857 2446 2898; x_wconf 93' lang='lat' dir='ltr'><strong>no-</strong></span> 
     </span>
     <span class='ocr_line' id='line_1_21' title="bbox 436 2950 2448 3036; baseline -0.001 -19"><span class='ocrx_word' id='word_1_170' title='bbox 436 2952 707 3017; x_wconf 90' lang='lat' dir='ltr'><strong>minibus</strong></span> <span class='ocrx_word' id='word_1_171' title='bbox 769 2959 829 3015; x_wconf 90' lang='lat' dir='ltr'><strong>et</strong></span> <span class='ocrx_word' id='word_1_172' title='bbox 882 2950 1078 3016; x_wconf 82' lang='lat' dir='ltr'><strong>verbis</strong></span> <span class='ocrx_word' id='word_1_173' title='bbox 1128 2960 1220 3015; x_wconf 89' lang='lat' dir='ltr'><strong>est</strong></span> <span class='ocrx_word' id='word_1_174' title='bbox 1265 2951 1599 3036; x_wconf 86' lang='lat' dir='ltr'><strong>composita</strong></span> <span class='ocrx_word' id='word_1_175' title='bbox 1614 2999 1632 3029; x_wconf 90' lang='lat'><em>‚</em></span> <span class='ocrx_word' id='word_1_176' title='bbox 1681 2959 1754 3015; x_wconf 90' lang='lat' dir='ltr'><strong>ut</strong></span> <span class='ocrx_word' id='word_1_177' title='bbox 1800 2951 1951 3014; x_wconf 88' lang='lat' dir='ltr'><strong>nihil</strong></span> <span class='ocrx_word' id='word_1_178' title='bbox 1998 2953 2256 3015; x_wconf 88' lang='lat' dir='ltr'><strong>istorum</strong></span> <span class='ocrx_word' id='word_1_179' title='bbox 2303 2951 2448 3015; x_wconf 79' lang='lat' dir='ltr'><strong>satis</strong></span> 
     </span>
     <span class='ocr_line' id='line_1_22' title="bbox 438 3068 2447 3155; baseline 0 -21"><span class='ocrx_word' id='word_1_180' title='bbox 438 3069 657 3134; x_wconf 89' lang='lat' dir='ltr'><strong>habeat</strong></span> <span class='ocrx_word' id='word_1_181' title='bbox 702 3069 1023 3133; x_wconf 78' lang='lat' dir='ltr'><strong>firmitatis,</strong></span> <span class='ocrx_word' id='word_1_182' title='bbox 1116 3068 1370 3132; x_wconf 87' lang='lat' dir='ltr'><strong>Infinita</strong></span> <span class='ocrx_word' id='word_1_183' title='bbox 1398 3089 1608 3133; x_wconf 87' lang='lat' dir='ltr'><strong>rursus</strong></span> <span class='ocrx_word' id='word_1_184' title='bbox 1639 3069 2005 3134; x_wconf 88' lang='lat' dir='ltr'><strong>documenta</strong></span> <span class='ocrx_word' id='word_1_185' title='bbox 2035 3069 2295 3155; x_wconf 90' lang='lat' dir='ltr'><strong>probant</strong></span> <span class='ocrx_word' id='word_1_186' title='bbox 2317 3069 2447 3134; x_wconf 88' lang='lat' dir='ltr'><strong>illo-</strong></span> 
     </span>
     <span class='ocr_line' id='line_1_23' title="bbox 440 3186 2442 3276; baseline 0 -24"><span class='ocrx_word' id='word_1_187' title='bbox 440 3211 577 3252; x_wconf 85' lang='lat' dir='ltr'><strong>rum</strong></span> <span class='ocrx_word' id='word_1_188' title='bbox 640 3191 904 3272; x_wconf 85' lang='lat' dir='ltr'><strong>quatuor</strong></span> <span class='ocrx_word' id='word_1_189' title='bbox 965 3186 1205 3252; x_wconf 86' lang='lat' dir='ltr'><strong>nullum</strong></span> <span class='ocrx_word' id='word_1_190' title='bbox 1253 3210 1383 3252; x_wconf 90' lang='lat' dir='ltr'><strong>esse</strong></span> <span class='ocrx_word' id='word_1_191' title='bbox 1438 3195 1706 3276; x_wconf 82' lang='lat' dir='ltr'><strong>certum3</strong></span> <span class='ocrx_word' id='word_1_192' title='bbox 1753 3190 2082 3253; x_wconf 84' lang='lat' dir='ltr'><strong>maximum</strong></span> <span class='ocrx_word' id='word_1_193' title='bbox 2129 3211 2270 3253; x_wconf 91' lang='lat' dir='ltr'><strong>vero</strong></span> <span class='ocrx_word' id='word_1_194' title='bbox 2317 3196 2442 3269; x_wconf 88' lang='lat' dir='ltr'><strong>est,</strong></span> 
     </span>
     <span class='ocr_line' id='line_1_24' title="bbox 437 3303 2444 3392; baseline 0 -21"><span class='ocrx_word' id='word_1_195' title='bbox 437 3305 604 3392; x_wconf 86' lang='lat' dir='ltr'><strong>quod</strong></span> <span class='ocrx_word' id='word_1_196' title='bbox 649 3305 833 3390; x_wconf 90' lang='lat' dir='ltr'><strong>paulo</strong></span> <span class='ocrx_word' id='word_1_197' title='bbox 880 3312 1021 3370; x_wconf 90' lang='lat' dir='ltr'><strong>ante</strong></span> <span class='ocrx_word' id='word_1_198' title='bbox 1067 3303 1449 3384; x_wconf 80' lang='lat' dir='ltr'><strong>dicebamuS,</strong></span> <span class='ocrx_word' id='word_1_199' title='bbox 1500 3306 1702 3391; x_wconf 89' lang='lat' dir='ltr'><strong>quod,</strong></span> <span class='ocrx_word' id='word_1_200' title='bbox 1755 3307 2044 3391; x_wconf 87' lang='lat' dir='ltr'><strong>quoniam</strong></span> <span class='ocrx_word' id='word_1_201' title='bbox 2090 3307 2214 3372; x_wconf 89' lang='lat' dir='ltr'><strong>duo</strong></span> <span class='ocrx_word' id='word_1_202' title='bbox 2261 3315 2406 3372; x_wconf 90' lang='lat' dir='ltr'><strong>sunt</strong></span> <span class='ocrx_word' id='word_1_203' title='bbox 2425 3359 2444 3388; x_wconf 90' lang='lat'><em>,</em></span> 
     </span>
     <span class='ocr_line' id='line_1_25' title="bbox 439 3414 2444 3510; baseline 0 -21"><span class='ocrx_word' id='word_1_204' title='bbox 439 3414 699 3490; x_wconf 88' lang='lat' dir='ltr'><strong>essentia</strong></span> <span class='ocrx_word' id='word_1_205' title='bbox 758 3431 819 3488; x_wconf 89' lang='lat' dir='ltr'><strong>et</strong></span> <span class='ocrx_word' id='word_1_206' title='bbox 880 3424 1141 3508; x_wconf 87' lang='lat' dir='ltr'><strong>qualitas</strong></span> <span class='ocrx_word' id='word_1_207' title='bbox 1154 3473 1177 3502; x_wconf 80' lang='lat'><em>,</em></span> <span class='ocrx_word' id='word_1_208' title='bbox 1242 3447 1433 3508; x_wconf 88' lang='lat' dir='ltr'><strong>quum</strong></span> <span class='ocrx_word' id='word_1_209' title='bbox 1488 3425 1727 3490; x_wconf 88' lang='lat' dir='ltr'><strong>animus</strong></span> <span class='ocrx_word' id='word_1_210' title='bbox 1774 3448 1898 3490; x_wconf 89' lang='lat' dir='ltr'><strong>non</strong></span> <span class='ocrx_word' id='word_1_211' title='bbox 1944 3425 2124 3510; x_wconf 88' lang='lat' dir='ltr'><strong>quale</strong></span> <span class='ocrx_word' id='word_1_212' title='bbox 2169 3426 2316 3510; x_wconf 90' lang='lat' dir='ltr'><strong>quid</strong></span> <span class='ocrx_word' id='word_1_213' title='bbox 2365 3427 2444 3490; x_wconf 92' lang='lat' dir='ltr'><strong>sit</strong></span> 
     </span>
     <span class='ocr_line' id='line_1_26' title="bbox 440 3516 2447 3628; baseline 0.001 -22"><span class='ocrx_word' id='word_1_214' title='bbox 440 3542 546 3608; x_wconf 89' lang='lat' dir='ltr'><strong>sed</strong></span> <span class='ocrx_word' id='word_1_215' title='bbox 607 3542 755 3626; x_wconf 88' lang='lat' dir='ltr'><strong>quid</strong></span> <span class='ocrx_word' id='word_1_216' title='bbox 809 3543 891 3606; x_wconf 93' lang='lat' dir='ltr'><strong>sit</strong></span> <span class='ocrx_word' id='word_1_217' title='bbox 936 3543 1087 3606; x_wconf 91' lang='lat' dir='ltr'><strong>scire</strong></span> <span class='ocrx_word' id='word_1_218' title='bbox 1133 3551 1383 3626; x_wconf 87' lang='lat' dir='ltr'><strong>quaerat</strong></span> <span class='ocrx_word' id='word_1_219' title='bbox 1397 3592 1416 3620; x_wconf 91' lang='lat'><em>,</em></span> <span class='ocrx_word' id='word_1_220' title='bbox 1464 3543 1584 3607; x_wconf 90' lang='lat' dir='ltr'><strong>nisi</strong></span> <span class='ocrx_word' id='word_1_221' title='bbox 1627 3543 1873 3608; x_wconf 88' lang='lat' dir='ltr'><strong>illorum</strong></span> <span class='ocrx_word' id='word_1_222' title='bbox 1920 3551 2185 3628; x_wconf 88' lang='lat' dir='ltr'><strong>quatuor</strong></span> <span class='ocrx_word' id='word_1_223' title='bbox 2229 3516 2447 3610; x_wconf 83' lang='lat' dir='ltr'><strong>unuin-</strong></span> 
     </span>
    </p>
   </div>
   <div class='ocr_carea' id='block_1_5' title="bbox 444 3736 779 3747">
    <p class='ocr_par' dir='ltr' id='par_1_5' title="bbox 444 3736 779 3747">
     <span class='ocr_line' id='line_1_27' title="bbox 444 3736 779 3747; baseline 0 1337"><span class='ocrx_word' id='word_1_224' title='bbox 444 3736 779 3747; x_wconf 95' lang='lat' dir='ltr'><strong> </strong></span> 
     </span>
    </p>
   </div>
   <div class='ocr_carea' id='block_1_6' title="bbox 442 3857 2446 4120">
    <p class='ocr_par' dir='ltr' id='par_1_6' title="bbox 442 3857 2446 4120">
     <span class='ocr_line' id='line_1_28' title="bbox 442 3857 2446 3925; baseline 0.002 -18"><span class='ocrx_word' id='word_1_225' title='bbox 442 3859 703 3908; x_wconf 76' lang='lat' dir='ltr'><strong>delineata:</strong></span> <span class='ocrx_word' id='word_1_226' title='bbox 739 3857 917 3906; x_wconf 79' lang='lat' dir='ltr'><strong>factum</strong></span> <span class='ocrx_word' id='word_1_227' title='bbox 950 3861 1024 3906; x_wconf 85' lang='lat' dir='ltr'><strong>est</strong></span> <span class='ocrx_word' id='word_1_228' title='bbox 1056 3857 1116 3906; x_wconf 82' lang='lat' dir='ltr'><strong>ad</strong></span> <span class='ocrx_word' id='word_1_229' title='bbox 1154 3857 1471 3907; x_wconf 81' lang='lat' dir='ltr'><strong>imitationem</strong></span> <span class='ocrx_word' id='word_1_230' title='bbox 1508 3858 1721 3907; x_wconf 73' lang='lat' dir='ltr'><strong>Platonis</strong></span> <span class='ocrx_word' id='word_1_231' title='bbox 1737 3858 1962 3918; x_wconf 79' lang='lat' dir='ltr'><strong>Phaedri,</strong></span> <span class='ocrx_word' id='word_1_232' title='bbox 2002 3860 2090 3909; x_wconf 85' lang='lat' dir='ltr'><strong>vid</strong></span> <span class='ocrx_word' id='word_1_233' title='bbox 2115 3860 2239 3910; x_wconf 82' lang='lat' dir='ltr'><strong>infra</strong></span> <span class='ocrx_word' id='word_1_234' title='bbox 2255 3861 2446 3925; x_wconf 81' lang='lat' dir='ltr'><strong>p.-200.</strong></span> 
     </span>
     <span class='ocr_line' id='line_1_29' title="bbox 504 3950 2350 4017; baseline 0.005 -14"><span class='ocrx_word' id='word_1_235' title='bbox 504 3953 557 4015; x_wconf 79' lang='lat'><strong>4)</strong></span> <span class='ocrx_word' id='word_1_236' title='bbox 590 3950 747 4017; x_wconf 80' lang='lat' dir='ltr'><strong>Vulgo</strong></span> <span class='ocrx_word' id='word_1_237' title='bbox 783 3953 970 4004; x_wconf 77' lang='grc' dir='ltr'><strong><em>κωλὺειν.</em></strong></span> <span class='ocrx_word' id='word_1_238' title='bbox 2346 4009 2350 4012; x_wconf 88' lang='grc'><em>.</em></span> 
     </span>
     <span class='ocr_line' id='line_1_30' title="bbox 508 4047 2444 4120; baseline 0.003 -21"><span class='ocrx_word' id='word_1_239' title='bbox 508 4051 559 4112; x_wconf 79' lang='grc'><strong>5)</strong></span> <span class='ocrx_word' id='word_1_240' title='bbox 594 4047 775 4114; x_wconf 79' lang='lat' dir='ltr'><strong>Vulgo:</strong></span> <span class='ocrx_word' id='word_1_241' title='bbox 815 4052 971 4108; x_wconf 67' lang='grc' dir='ltr'><strong><em>ἱκανῶς</em></strong></span> <span class='ocrx_word' id='word_1_242' title='bbox 1002 4051 1212 4116; x_wconf 71' lang='grc' dir='ltr'><strong>βεβαίως</strong></span> <span class='ocrx_word' id='word_1_243' title='bbox 1244 4051 1353 4102; x_wconf 79' lang='grc' dir='ltr'><strong><em>εἶναι</em></strong></span> <span class='ocrx_word' id='word_1_244' title='bbox 1384 4057 1596 4118; x_wconf 71' lang='grc' dir='ltr'><strong>βέβαιον.</strong></span> <span class='ocrx_word' id='word_1_245' title='bbox 1666 4050 1796 4116; x_wconf 73' lang='lat' dir='ltr'><strong>Ejeoi</strong></span> <span class='ocrx_word' id='word_1_246' title='bbox 1829 4055 2060 4120; x_wconf 75' lang='grc' dir='ltr'><strong>βεβαίως,</strong></span> <span class='ocrx_word' id='word_1_247' title='bbox 2094 4053 2222 4118; x_wconf 80' lang='lat' dir='ltr'><strong>quod</strong></span> <span class='ocrx_word' id='word_1_248' title='bbox 2257 4053 2444 4104; x_wconf 75' lang='lat' dir='ltr'><strong>videtur</strong></span> 
     </span>
    </p>
   </div>
  </div>
 </body>
</html>
