3092 5084
1354 495 1477 558 239

406 721 571 786 quae
594 701 1028 789 philosophum
1051 702 1215 768 inter
1236 707 1299 766 et
1318 702 1684 788 magistrum
1703 702 1901 788 ipsius
1922 701 2255 769 Isocratem
2284 702 2423 769 fuit.

407 817 612 900 Quam
672 841 906 905 aequus
964 820 1152 886 fuerit
1218 820 1492 886 Platonis
1537 820 1731 908 judex
1745 870 1765 900 ,
1830 829 2080 909 apparet
2132 844 2165 887 e
2217 821 2426 888 libello

405 959 589 1024 quem
635 937 829 1005 edidit
870 939 1035 1006 κατὰ
1079 947 1186 1015 τῆς
1225 939 1539 1012 Πλάτωνος
1586 939 1917 1021 διατριβῆς,
1963 940 2029 1005 in
2076 962 2200 1025 quo
2229 946 2428 1005 osten·

406 1056 501 1122 dit
558 1055 837 1124 Platonis
896 1057 1173 1144 dialogos
1232 1079 1366 1124 esre
1423 1059 1696 1140 ἀχρείους
1755 1058 1857 1124 καὶ
1896 1058 2127 1140 ψευδεῖς
2174 1058 2424 1145 (Athen.

408 1173 540 1255 XI,
588 1199 649 1263 p.
701 1177 872 1263 508),
900 1197 1125 1261 eosque
1152 1176 1419 1241 maxima
1445 1197 1558 1263 pro
1587 1183 1760 1263 parte
1789 1200 1865 1244 ex
1893 1177 2230 1265 Aristippi,
2253 1175 2429 1242 Anti-

408 1295 643 1360 sthenis
709 1302 769 1360 et
837 1295 1129 1381 Brysonie
1196 1296 1435 1361 scriniis
1490 1295 1852 1382 compilatos
1911 1319 2061 1362 esse.
2161 1296 2258 1363 Ex
2299 1319 2426 1384 quo

410 1412 695 1501 colligere
738 1414 883 1512 licet
893 1463 913 1494 ,
961 1436 1147 1499 quam
1193 1436 1457 1500 aequum
1503 1423 1566 1480 et
1607 1416 1916 1502 integrum
1955 1417 2086 1482 eius
2116 1414 2422 1503 judicium

410 1532 595 1599 fuerit
638 1531 717 1598 de
758 1540 1043 1619 tempore·
1062 1555 1099 1598 a
1126 1532 1385 1599 Platone
1415 1534 1483 1599 in
1514 1533 1660 1600 aula
1687 1533 2069 1621 Syracusana
2096 1541 2424 1601 trans-acto.

498 1651 587 1716 At
659 1673 786 1717 non
860 1651 1062 1718 solum
1135 1652 1419 1738 aequales
1434 1702 1454 1733 ‚
1528 1653 1636 1719 sed
1697 1655 1880 1720 etiam
1937 1654 2166 1741 posteri
2224 1653 2429 1720 Plato·

407 1792 547 1836 nem
590 1771 874 1836 insectati
918 1778 1087 1838 sunt.
1126 1811 1133 1818 ·
1177 1772 1546 1838 Academiae
1589 1771 1909 1839 celebritas
1963 1781 2026 1839 et
2067 1773 2232 1839 fama
2272 1772 2430 1840 mul·

406 1896 611 1954 torum
655 1890 943 1956 excitavit
983 1889 1281 1956 invidiam
1291 1939 1312 1971 ,
1382 1891 1495 1976 qui
1553 1890 1769 1957 odium
1811 1914 1937 1980 quo
1981 1892 2254 1958 scholam
2297 1913 2428 1978 per-

407 2008 823 2094 sequebantur
904 2010 972 2076 in
1038 2009 1261 2076 ducem
1326 2018 1389 2076 et
1456 2018 1770 2077 auctorem
1833 2017 2168 2080 verterunt.
2258 2009 2430 2075 Inter

410 2128 717 2195 auditores
764 2136 827 2195 et
869 2107 1095 2194 amicos
1139 2129 1417 2196 Platonis
1476 2131 1662 2196 multi
1719 2131 1973 2197 fuerunt
2015 2129 2321 2217 principes
2365 2137 2429 2195 et

409 2246 645 2313 nobiles
659 2297 680 2327 ‚
744 2271 1007 2334 quorum
1068 2249 1327 2337 superbe
1388 2258 1499 2316 aut
1559 2251 1884 2338 imperiose
1931 2252 2092 2316 facta
2135 2251 2426 2337 magistro

409 2365 795 2452 imputarunt
810 2415 829 2447 ,
892 2368 1105 2435 eodem
1162 2369 1455 2435 nimirum
1494 2372 1668 2457 jure,
1717 2392 1842 2456 quo
1888 2370 2114 2435 Critiae
2157 2376 2220 2435 et
2263 2368 2428 2435 Alei·

410 2485 606 2551 biadis
666 2486 899 2572 flagitia
955 2486 1189 2553 Socrati
1234 2488 1494 2554 crimin?
1520 2488 1665 2555 data
1721 2496 1870 2555 sunt
1923 2488 2000 2554 ab
2047 2487 2423 2555 adversariis.

411 2604 767 2671 Athenaeus
822 2605 1029 2691 plures
1088 2605 1365 2673 Platonis
1413 2606 1722 2673 auditores
1765 2599 2046 2672 nominat
2087 2606 2154 2672 in
2199 2605 2426 2692 quibus

408 2723 685 2808 magistri
729 2723 969 2790 indoles
1014 2727 1318 2805 τυραννικὴ
1358 2726 1459 2792 καὶ
1498 2725 1768 2806 διάβολος
1813 2726 2227 2813 apparuisset3
2263 2725 2425 2792 idem

406 2851 613 2907 narrat
677 2842 997 2909 Platonem
1057 2842 1345 2932 Philippo
1392 2868 1570 2932 opem
1613 2838 1832 2912 tulisse
1875 2847 1942 2911 in
1987 2844 2291 2931 potiundo
2337 2867 2426 2911 re·

407 2984 529 3048 gno
575 2960 1000 3043 Macedoniae,
1046 2963 1339 3030 Perdicca
1380 2964 1598 3030 fraude
1641 2965 2075 3030 circumvento.
2105 2965 2156 3052 ¹)
2207 2964 2427 3029 Eidem

407 3081 792 3166 imputarunt
846 3082 1013 3168 quod
1058 3081 1377 3169 Callippus
1422 3083 1687 3148 Dionem
1703 3133 1722 3164 ,
1784 3083 2091 3170 hospitem
2137 3106 2319 3150 suum
2366 3090 2429 3148 et

408 3199 677 3265 sodalem
736 3201 801 3266 in
863 3200 1218 3282 Academia,
1278 3203 1686 3268 interemisset
1728 3203 1978 3288 (Athen.
2026 3202 2094 3268 ll.
2140 3225 2202 3289 p.
2253 3204 2424 3289 508).

288 3357 297 3366 ·
409 3317 589 3383 Hanc
634 3319 1115 3386 criminationem
1160 3321 1378 3386 acriter
1418 3323 1648 3387 refutat
1684 3321 1963 3408 Epistola
1993 3320 2152 3400 VII,
2199 3345 2260 3408 p.
2295 3324 2424 3387 333

410 3437 496 3516 E,
558 3460 715 3523 quae
770 3438 1039 3504 declarat
1082 3437 1435 3526 Callippum
1480 3440 1736 3525 eiusque
1779 3440 2027 3506 fratrem
2071 3440 2290 3505 Dionis
2336 3462 2429 3504 so·

408 3556 576 3621 dales
631 3556 818 3622 fuisse
875 3559 977 3624 οὐκ
1035 3559 1100 3624 ἐκ
1155 3560 1516 3642 φιλοσοφίας
1568 3557 1846 3637 γεγονότε
1903 3557 2064 3643 φίλω
2079 3606 2100 3638 ,
2169 3558 2312 3624 ἀλλ’
2361 3560 2425 3623 ἐκ
2513 3587 2520 3598 ·

424 3825 429 3830 ’
475 3826 524 3888 1)
561 3825 673 3878 Vid.
706 3815 983 3878 Athenaeus
1028 3825 1123 3887 xl,
1171 3841 1221 3892 p.
1265 3827 1363 3878 508
1398 3831 1448 3877 et
1480 3826 1609 3888 5063
1644 3827 1725 3893 qui
1759 3831 1933 3879 testem
1963 3827 2107 3880 huius
2138 3829 2424 3881 narrationis

408 3920 526 3972 citat
575 3911 845 3973 Oarieti'um’
880 3921 1253 3988 Pergamenum,
1301 3922 1380 3972 cui
1423 3922 1525 3988 ipse
1573 3925 1734 3974 temen
1766 3939 1961 3989 parvam
1993 3923 2082 3975 hec
2113 3923 2165 3974 iu
2197 3939 2250 3976 re
2281 3924 2426 3976 fidem

410 4017 556 4068 habet
571 4055 586 4078 ‚
618 4017 818 4069 addens:
854 4024 990 4072 τοῦτο
1022 4013 1063 4069 δ’
1082 4023 1216 4090 εἵπιρ
1247 4021 1388 4078 οὕτως
1419 4022 1634 4080 ἀληθείας
1671 4023 1767 4086 ‘'x“
1781 4058 1797 4085 ,
1836 4024 1931 4079 θεὸς
1966 4024 2022 4072 ἂν
2051 4021 2203 4081 εἰδείη.
2260 4020 2425 4072 Fuine
2458 4076 2462 4080 ,

412 4116 574 4162 tamen
606 4113 942 4163 commercium
973 4112 1226 4164 Plutonem
1257 4113 1385 4164 inter
1416 4118 1467 4164 et
1498 4114 1804 4176 Perdiccam,
1838 4114 2014 4166 indicio
2047 4121 2120 4166 eet
2141 4114 2358 4183 Epistola
2378 4116 2423 4166 V

412 4209 593 4273 scripta
626 4208 685 4258 ad
718 4208 1016 4270 Perdiccam,
1050 4225 1171 4275 quae
1204 4225 1354 4274 quum
1387 4201 1642 4262 maximam
1674 4208 1890 4262 Platonis
1910 4211 2291 4264 benevolentiam
2313 4228 2423 4278 erge

415 4317 527 4353 eum
559 4303 734 4371 spiret,
764 4303 947 4370 scripta
976 4309 1050 4355 eet
1082 4305 1281 4356 somne
1310 4305 1372 4356 ad
1403 4303 1691 4358 calumniam
1721 4306 1866 4358 istam
1899 4304 2286 4373 redarguendam.
