3092 5084
1632 517 1712 577 82

664 724 934 808 picturae
972 722 1206 787 similis,
1254 720 1513 801 Quaerit
1544 744 1618 784 ex
1647 727 1904 805 tyranno
1921 770 1940 798 ‚
1973 720 2276 804 numquid
2306 721 2375 784 in
2404 718 2673 783 Heracli-

662 842 801 907 dem
862 842 1143 907 statuerit
1202 842 1492 920 νεώτερονς
1557 839 1760 903 addit:
1818 839 1934 903 δοκ
1947 846 2014 903 εἴ
2053 838 2170 917 γάρ
2215 864 2308 917 μοι
2353 838 2546 921 ταύτῃ
2591 862 2673 912 πῃ

662 960 1042 1038 γεγονέναι
1072 958 1373 1045 φανερὸς
1402 956 2061 1039 ἀποτετραμμένος,
2095 958 2157 1021 h.
2185 980 2235 1021 e.
2269 936 2672 1029 videturenim

662 1081 771 1143 huc
828 1079 1045 1143 abicubi
1100 1078 1387 1143 secessisse
1462 1100 1509 1140 s,
1579 1076 1870 1163 rqfuqium
1915 1076 2202 1161 quaesisse
2210 1102 2238 1151 ‚·
2284 1096 2467 1159 quam
2514 1074 2674 1139 bella

664 1197 745 1260 sit
802 1197 923 1260 ista
993 1196 1393 1291 periphrasim
1453 1216 1632 1258 nemo
1677 1212 1802 1257 non
1849 1177 2064 1257 sentit.¹
2137 1193 2296 1257 Tum
2340 1192 2672 1275 Dionysius

662 1314 1004 1395 ἀνεφλέχθη
1018 1364 1033 1390 ,
1098 1314 1489 1397 ivfiammatus
1548 1318 1633 1377 eet
1647 1338 1668 1375 .·
1728 1312 1978 1377 verbum
2031 1311 2248 1375 fortius
2266 1360 2285 1389 ,
2334 1333 2456 1394 quo
2495 1310 2671 1373 Plato

663 1434 778 1497 hoc
826 1456 1007 1497 sensu
1052 1456 1177 1497 non
1224 1433 1451 1510 utitur,
1500 1431 1606 1495 sed
1652 1432 1938 1509 serioreS,
1987 1438 2058 1495 ut
2102 1430 2414 1511 Plutarch.
2462 1430 2670 1513 Pelop.

665 1574 717 1615 c.
768 1554 887 1616 32:
936 1555 998 1617 οὐ
1044 1552 1311 1633 κατέσχε
1355 1554 1435 1633 τῷ
1480 1553 1746 1629 λογισμῷ
1792 1552 1896 1625 τὴν
1941 1551 2140 1633 ὀργὴν,
2188 1550 2356 1614 ἀλλὰ
2401 1548 2538 1627 πρὸς
2568 1548 2673 1623 τὴν

663 1670 883 1751 βλέψιν
905 1671 1307 1754 ἀναφλεχθεὶς
1331 1671 1451 1737 κτέ.
1486 1669 1652 1734 Huic
1675 1670 1871 1734 simile
1895 1678 1988 1733 est
2008 1670 2260 1735 verbum
2284 1668 2670 1745 ἐξάπτεσθαι,

664 1790 861 1875 Epist.
888 1789 1048 1867 VII,
1074 1814 1135 1875 p.
1170 1792 1296 1853 340
1329 1789 1412 1851 B:
1445 1788 1763 1867 ἐξημμένος
1793 1789 1902 1853 ὑπὸ
1932 1787 2320 1871 φιλοσοφίας,
2345 1810 2613 1851 accensus
2635 1810 2674 1848 a

652 1909 1051 1992 philosophia.
1115 1907 1213 1973 Sic
1260 1909 1503 1972 Atticus
1551 1908 1733 1972 homo
1777 1930 1898 1972 non
1932 1908 2178 1971 locutus
2211 1913 2400 1984 esset,
2436 1906 2668 1991 opinor.

665 2026 1030 2091 Παντοδαποὶ
1088 2027 1389 2107 χρώματα
1450 2024 1580 2103 ἧκεν
1624 2033 1717 2090 est
1759 2026 2050 2091 flosculus
2097 2025 2416 2111 decerptus
2463 2048 2496 2088 e
2539 2023 2673 2087 Pla-

665 2143 826 2206 tonis
871 2143 1128 2228 Lyside,
1176 2167 1235 2228 p.
1287 2146 1411 2206 222
1453 2144 1507 2206 Β
1525 2194 1544 2221 ,
1595 2144 1702 2209 ubi
1747 2143 2153 2231 Hippothales
2200 2144 2308 2208 ὑπὸ
2343 2151 2447 2217 τῆς
2481 2142 2672 2218 ἡδονῆς

669 2261 1021 2326 παντοδαποὶ
1080 2263 1236 2342 ἠφίει
1294 2262 1629 2343 χρώματα,
1679 2263 1860 2346 qnod.
1897 2262 2130 2327 dictum
2185 2262 2432 2325 seriores
2488 2269 2674 2324 certa-

665 2378 778 2441 tim
822 2378 1045 2441 imitati
1114 2385 1301 2458 sunt,
1377 2386 1451 2443 ut
1493 2387 1669 2444 notat
1713 2380 2032 2445 Heindorf.
2081 2380 2158 2443 ad
2202 2378 2264 2442 h.
2311 2378 2353 2442 1.
2446 2376 2675 2441 Noster
2771 2408 2776 2413 ·

666 2488 807 2559 vei-o
878 2497 1237 2581 elegantiam
1310 2497 1459 2562 dicti
1513 2500 1786 2584 corrupit
1846 2497 2123 2563 addendo
2185 2496 2350 2582 quod
2411 2497 2674 2581 quisque

668 2621 883 2698 sponte
926 2614 1257 2700 intelligat,
1304 2612 1397 2681 οἷοι
1442 2616 1512 2683 ἂν
1559 2616 1903 2695 θυμούμενος
1947 2616 2148 2700 ἀφείη.
2213 2615 2504 2700 Sequitur
2533 2636 2673 2699 sup-

671 2732 944 2816 plicatio,
1011 2735 1285 2819 jurgium
1303 2784 1321 2814 ‚
1388 2736 1681 2820 jactantia
1752 2737 1930 2800 verba
1988 2735 2263 2800 Platonis
2276 2785 2295 2813 ‚
2354 2732 2673 2815 τυραννικὸν

668 2850 929 2928 βλέμμοι
971 2850 1287 2937 Dionysii3
1334 2853 1582 2918 tandem
1629 2860 1860 2919 actores
1903 2877 1967 2918 re
2000 2855 2223 2919 infecta
2253 2852 2594 2917 discedunt.
2627 2853 2674 2936 1)

756 2968 1035 3032 Profecto
1094 2971 1396 3036 neminem
1440 2972 1569 3035 fore
1615 2972 1872 3036 arbitror
1887 3023 1905 3051 ,
1955 2972 2105 3057 quin
2119 3022 2138 3050 ‚
2199 2971 2314 3035 hac
2361 2993 2540 3035 scena
2585 2976 2674 3033 at·-

668 3093 835 3151 tente
878 3088 1171 3172 perlecta,
1217 3090 1481 3154 fateatur
1525 3114 1657 3155 eam
1705 3099 1765 3155 et
1808 3092 1991 3155 rebus
2036 3099 2097 3155 et
2141 3091 2338 3155 verbis
2383 3090 2470 3153 ita
2515 3110 2674 3152 com-

667 3212 942 3289 paratam
1002 3196 1132 3271 esse
1147 3257 1165 3285 ‚
1228 3216 1301 3272 ut
1366 3229 1491 3273 non
1558 3210 1907 3287 Platonem,
1980 3209 2085 3274 sed
2152 3210 2358 3294 potius
2428 3208 2672 3272 simium

670 3324 935 3407 aliquem
980 3324 1255 3390 Platonis
1299 3328 1535 3391 referat.

760 3561 929 3626 Haec
974 3562 1050 3626 de
1097 3564 1387 3657 epistolae
1432 3564 1870 3649 compositione
1917 3571 1978 3627 et
2024 3564 2184 3628 stilo.
2273 3562 2672 3648 Compositio-

670 3703 809 3744 nem
856 3680 1032 3744 nobis
1079 3683 1363 3768 apparuit
1407 3682 1591 3747 talem
1638 3705 1766 3747 esse
1783 3732 1801 3762 ‚
1850 3689 1922 3745 ut
1966 3704 2090 3746 non
2120 3704 2322 3746 veram
2354 3681 2672 3767 epistolam

670 3798 774 3862 sed
830 3799 1031 3862 fictam
1078 3807 1291 3884 arguat
1306 3850 1325 3879 ,
1374 3822 1626 3885 eamque
1671 3823 1783 3864 nec
1828 3824 1864 3863 a
1907 3799 2160 3863 Platone
2203 3822 2314 3864 nec
2361 3799 2434 3864 ab
2467 3800 2671 3884 aliquo

668 3917 799 3979 eius
860 3916 1251 3981 familiarium
1267 3969 1285 3997 ,
1345 3919 1448 3983 sed
1496 3942 1531 3981 a
1576 3918 1816 3982 rhetore
1861 3919 1959 3983 vel
2004 3919 2198 3982 otioso
2244 3919 2488 3983 homine
2535 3939 2672 3981 con-

670 4034 990 4118 scriptam3
1039 4035 1369 4101 dictionem
1416 4046 1620 4101 autem
1666 4036 1906 4121 plenam
1953 4059 2078 4100 esse
2133 4037 2387 4122 argutiis
2433 4044 2494 4099 et
2537 4036 2672 4099 flos-

740 4290 788 4351 1)
822 4290 1002 4339 similis
1035 4292 1223 4355 pictura
1256 4296 1328 4343 est
1360 4294 1411 4342 in
1444 4294 1537 4343 fine
1573 4294 1662 4357 Ep.
1697 4294 1790 4343 111.
1825 4294 1882 4342 de
1916 4310 2008 4357 qua
2039 4284 2163 4344 mox.
