3092 5084
1608 500 1730 559 146

650 705 717 774 τὸ
746 704 1021 787 πράττειν
1054 704 1228 787 ἐστὶν,
1265 708 1299 783 ἦ
1332 702 1381 769 δ’
1405 706 1685 771 αὐθαδείοι
1715 705 1920 788 ἐρημίᾳ
1947 702 2216 781 ξύνοικος.
2259 704 2468 771 Simile
2499 705 2574 771 de
2606 728 2676 771 co

647 825 950 911 judicium
995 825 1113 888 fert
1152 822 1550 902 Plutarchus,
1601 824 1784 889 Dion.
1831 846 1882 887 e.
1911 826 1984 887 8:
2024 825 2234 903 ἀμέλει
2267 824 2324 891 δὲ
2361 824 2460 889 xx>
2499 824 2676 905 Φύσει

650 944 782 1008 τινὰ
827 943 894 1008 τὸ
940 940 1061 1018 ἦθος
1107 942 1277 1019 ὄγκον
1324 938 1486 1023 εἶχεν
1532 946 1713 1008 αὐτοῦ
1761 943 1860 1009 καὶ
1907 942 2264 1024 τραχύτητα
2309 944 2678 1023 δυσπρόσοδον

652 1062 895 1137 ἐντεύξει
943 1062 1042 1125 καὶ
1090 1060 1508 1139 δυσξύμβολον.
1536 1063 1580 1145 ¹)
1630 1060 1831 1141 Quam
1870 1069 2074 1127 autem
2107 1062 2282 1137 exsul
2313 1062 2680 1127 excitaverat

648 1203 818 1267 spem
863 1181 1275 1246 restituendae
1320 1180 1654 1259 libertatis,
1704 1204 1835 1245 eam
1866 1181 2119 1267 imperio
2151 1182 2385 1266 potitus
2417 1203 2543 1247 non
2569 1205 2679 1246 -ex-

654 1300 843 1385 plevit
856 1348 876 1378 ,
947 1300 1054 1365 sed
1116 1299 1233 1364 sibi
1293 1300 1682 1383 familiaeque
1738 1320 1882 1363 suae
1945 1300 2355 1385 principatum
2404 1299 2678 1373 stabilire

653 1426 909 1485 conatus
957 1426 1066 1484 est.
1140 1417 1317 1485 Idem
1362 1418 1752 1484 Heraclidem
1799 1418 2069 1483 consiliis
2101 1419 2227 1483 suis
2260 1419 2677 1484 adversantem
2767 1423 2773 1433 “

654 1538 797 1601 dolo
846 1537 1119 1602 sustulit.
1183 1536 1405 1622 Itaque
1451 1538 1729 1621 quamvis
1778 1536 2077 1601 nefarium
2131 1539 2348 1601 merito
2380 1538 2679 1604 habeatur

653 1654 921 1743 Callippi
966 1657 1239 1734 facinuS,
1310 1654 1433 1720 Dio
1493 1663 1700 1722 tamen
1746 1678 1927 1722 suum
1974 1657 2106 1741 ipse
2152 1658 2498 1742 exemplum
2544 1680 2678 1741 pas·

654 1798 759 1840 sus
806 1782 917 1840 est.

739 2011 818 2075 In
860 2011 937 2075 iis
984 2018 1191 2077 autem
1236 2034 1393 2095 quae
1437 2011 1617 2075 Plato
1663 2011 1740 2076 de
1787 2033 1849 2075 se
1879 2012 2009 2097 ipse
2038 2012 2296 2095 loquens
2323 2012 2671 2091 inducitur,

652 2130 821 2194 haud
876 2152 1072 2216 pauca
1133 2139 1279 2195 sunt
1321 2130 1388 2195 in
1452 2130 1677 2215 quibus
1721 2130 1982 2194 nimium
2039 2152 2103 2194 se
2150 2152 2296 2195 suae
2341 2131 2674 2216 sapientiae

654 2258 715 2313 et
762 2272 1010 2314 suarum
1058 2248 1311 2314 laudum
1356 2271 1718 2334 praeconem
1765 2249 2014 2333 praebet
2030 2298 2050 2327 ,
2099 2249 2271 2313 velut
2315 2250 2380 2313 in
2412 2250 2486 2313 iis
2519 2272 2676 2334 quae

652 2368 917 2433 Dionem
964 2369 1039 2433 de
1084 2391 1195 2433 sua
1239 2368 1627 2433 institutione
1674 2368 1975 2433 dicentem
2021 2368 2198 2447 facit,
2243 2391 2304 2454 p.
2339 2370 2464 2434 327
2503 2367 2552 2431 G
2584 2368 2674 2446 D,

657 2486 786 2553 328
857 2486 915 2550 D
998 2486 1051 2550 E
1068 2512 1087 2565 3
1158 2496 1267 2553 aut
1356 2508 1513 2571 quae
1584 2487 1660 2551 de
1733 2510 1844 2551 sua
1908 2487 2037 2572 ipse
2107 2485 2399 2553 facultate
2467 2487 2678 2551 scribit

653 2629 714 2691 p.
765 2608 892 2671 341
926 2606 1021 2669 D:
1070 2606 1255 2671 καίτοι
1300 2606 1525 2671 τοσόνδε
1572 2608 1636 2683 γ’
1659 2602 1792 2670 οἶδα
1833 2602 1918 2671 ὅτι
1966 2606 2281 2688 γραφέντα
2319 2606 2352 2683 ἢ
2385 2607 2677 2688 λεχθέντα

654 2726 753 2788 ὑπ”
798 2727 941 2803 ἐμοῦ
978 2723 1247 2801 βέλτιστ’
1284 2722 1356 2789 ἂν
1400 2725 1674 2804 λεχθείης
1723 2733 1833 2788 aut
1879 2746 2073 2808 quum
2119 2724 2400 2811 Dionysii
2448 2726 2678 2810 scripta

654 2842 953 2927 quaedam
996 2841 1447 2927 reprehendens
1494 2843 1676 2919 dicit,
1726 2866 1786 2928 p.
1836 2845 1966 2908 344
1998 2842 2088 2906 D:
2123 2842 2231 2907 εἴτ’
2265 2840 2356 2914 οὖν
2389 2844 2676 2915 Διονύσιος

654 2960 883 3041 ἔγραψέ
950 2985 1007 3027 τι
1067 2964 1177 3025 τῶν
1242 2960 1367 3039 περὶ
1430 2961 1664 3041 Φύσεως
1719 2958 1902 3042 ἄκρων
1970 2960 2068 3025 καὶ
2131 2961 2364 3041 πρώτων
2423 2961 2540 3027 εἴτε
2586 2986 2676 3032 τις

654 3079 917 3145 ἐλάττων
978 3077 1097 3145 εἴτε
1141 3078 1349 3161 μείζων
1368 3130 1386 3155 ,
1455 3082 1527 3151 ὥς
1565 3080 1751 3145 ,οὐδὲν
1818 3080 2070 3155 ἀκηκοὼς
2139 3080 2261 3145 οὐδὲ
2327 3062 2678 3157 μεμαθῇκὼς

656 3192 721 3273 ἦν
762 3199 919 3274 ὑγιὲς
965 3194 1036 3263 ὧν
1074 3195 1305 3278 ἔγραψε
1318 3246 1337 3275 ,
1386 3198 1550 3261 κατὰ
1592 3196 1689 3263 τὸν
1735 3196 1870 3274 ἐμὸν
1904 3198 2078 3275 λόγον
2093 3224 2112 3275 3
2139 3204 2247 3261 aut
2277 3218 2467 3281 quum
2498 3196 2678 3262 illum

654 3316 962 3400 vituperat
1006 3314 1175 3399 quod
1218 3337 1344 3379 non
1390 3314 1595 3379 debito
1642 3336 1705 3378 se
1751 3314 1981 3379 honore
2027 3322 2386 3401 prosecutus
2409 3322 2586 3393 esset,
2614 3338 2672 3400 p.

656 3436 783 3497 345
819 3430 902 3497 C:
937 3440 1058 3505 πῶς
1096 3432 1170 3500 ἂν
1210 3435 1293 3511 μὴ
1330 3434 1669 3511 θαυμαστὸς
1709 3433 1780 3497 ὢν
1819 3431 2100 3514 ἄνθρωπος
2130 3434 2227 3497 τὸν
2260 3433 2527 3510 ἡγεμόνα
2549 3434 2678 3498 τού-

650 3576 765 3618 των
810 3552 911 3619 καὶ
944 3554 1121 3632 κύριον
1161 3549 1335 3624 οὕτως
1368 3554 1617 3633 εὐχερῶς
1650 3551 1904 3628 ἦτὶμοισέ
1942 3554 2072 3616 ποτ’
2101 3549 2210 3627 ἄνς
2245 3551 2470 3617 Credat
2502 3552 2676 3636 quis,

651 3670 819 3755 quod
868 3669 1152 3735 nonnulli
1198 3669 1253 3733 ei
1287 3668 1708 3753 imputarunt,
1743 3668 2078 3753 superbum
2108 3668 2297 3733 fuisse
2323 3668 2676 3745 Platonem3

648 3796 710 3853 at
756 3788 986 3875 optime
1032 3794 1193 3852 certe
1222 3787 1395 3851 novit
1425 3786 1577 3871 quid
1608 3786 1849 3852 deceret
1864 3834 1884 3863 ,
1918 3793 1978 3851 et
2010 3785 2290 3872 putidam
2322 3786 2673 3851 istiusmodi

648 3906 1065 3991 arrogantiam
1110 3905 1289 3969 stilus
1337 3906 1468 3971 eius
1501 3928 1750 3991 prorsus
1784 3906 2036 3990 respuit.
2094 3904 2252 3970 Sunt
2283 3906 2465 3970 etiam
2499 3928 2680 3990 quae-

723 4177 770 4237 1)
805 4176 881 4226 Cf.
922 4176 1037 4227 ibid.
1074 4192 1113 4225 c.
1151 4176 1229 4225 52.
1268 4176 1572 4235 Aristoteles,
1608 4175 1754 4234 Polit.
1792 4176 1861 4233 V,
1899 4175 1960 4224 10
1995 4176 2054 4223 de
2087 4190 2142 4223 eo
2177 4173 2318 4224 dicit:
2355 4181 2432 4228 καὶ
2465 4177 2672 4242 Διονυσίῳ

656 4282 725 4341 τῷ
756 4276 933 4345 ὑστέρῳ
964 4276 1073 4326 Δίων
1104 4278 1164 4325 lu
1195 4276 1327 4325 don-o
1359 4272 1435 4323 διὰ
1467 4276 1522 4324 τὸ
1555 4278 1932 4343 καταφρονεῖν
1965 4274 2055 4323 xvi.
2546 4275 2551 4282 '
