3092 5084
1613 464 1732 525 112

656 684 783 748 λις,
832 673 1149 753 ἐλευθερίας
1194 671 1610 752 διψήσασα.
1649 669 1901 750 άκράτου
1939 672 2124 746 αὐτῆς
2170 671 2434 751 μεθύσθνι.
2491 667 2677 749 Quod

656 797 858 854 autem
914 790 1002 854 ibi
1048 790 1273 854 dieitur
1297 794 1330 867 ἡ
1355 787 1517 868 ἄγαν
1540 789 1834 871 ἀναρχία,
1859 789 2088 854 factum
2113 789 2189 854 ad
2213 789 2676 854 similitudinem

654 908 804 973 dieti
848 908 1160 988 Platonis,
1209 913 1242 985 ἧ
1294 907 1457 986 ἄγαν
1502 908 1790 990 ἐλευθερία
1807 960 1826 985 ,
1876 909 2041 993 quod
2086 908 2348 993 legimus
2371 909 2435 972 in
2461 907 2670 973 eodem

653 1025 809 1091 libro
882 1026 957 1091 de
1027 1025 1189 1112 Rep.
1252 1049 1312 1112 p.
1380 1027 1507 1089 564
1570 1027 1655 1089 A:
1734 1028 1767 1101 ἦ
1827 1025 1946 1107 γὰρ
2006 1010 2168 1102 ἄγαν
2228 1026 2514 1107 ἐλευθερία
2572 1024 2675 1089 ἔοι-

653 1170 749 1210 κεν
808 1148 908 1209 οὐκ
965 1146 1044 1216 εἰς
1104 1145 1256 1210 ἄλλο
1316 1170 1372 1210 τι
1446 1146 1478 1221 ἢ
1541 1146 1622 1217 εἷς
1686 1142 1848 1221 ἄγαν
1908 1145 2164 1210 δουλείαν
2227 1143 2672 1223 ,αεταβάλλεινε

654 1263 879 1347 quibus
896 1314 913 1341 ,
961 1265 1215 1328 mutatis
1264 1264 1457 1329 verbis
1470 1314 1489 1343 ,
1539 1265 1912 1351 respondent
1955 1265 2104 1329 haee
2137 1286 2294 1349 quae
2325 1266 2389 1330 in
2421 1264 2677 1351 epistola

656 1383 943 1469 deinceps
989 1385 1306 1469 leguntur:
1356 1385 1584 1449 δουλεία
1615 1387 1733 1466 γαρ
1760 1385 1861 1449 καὶ
1904 1384 2192 1465 ἐλευθερία
2217 1384 2674 1464 ὑπερβάλλουσαι

654 1504 761 1581 μὲν
822 1503 1071 1582 ἑκατέρα
1140 1502 1483 1581 πάγκακον,
1529 1505 1812 1584 ἔμμετρος
1859 1504 1906 1565 δ’
1929 1498 2072 1569 οὖσα
2125 1503 2485 1579 πανάγαθον.
2555 1500 2674 1565 His

656 1628 861 1685 autem
926 1622 1323 1707 subjungitur
1385 1622 1693 1707 praeclara
1741 1622 2067 1686 sententia:
2117 1623 2329 1702 μετρία
2388 1622 2444 1685 δὲ
2492 1624 2525 1697 ἡ
2566 1623 2667 1701 θεῷ

653 1741 914 1819 δουλεία,
956 1740 1203 1821 ἄμετρος
1249 1740 1308 1805 δὲ
1355 1744 1388 1817 ἡ
1433 1748 1551 1813 τοῖς
1598 1742 1900 1821 ἀνθρώποις
1925 1734 1950 1776 ·’
1991 1742 2108 1812 θεὸς
2153 1742 2201 1804 δ’
2224 1742 2522 1822 άνθρώποις
2569 1742 2671 1803 σά·
2716 1773 2720 1778 ·

652 1867 821 1943 φροσι
866 1860 1069 1943 νόμος,
1116 1857 1327 1943 ἄφροσι
1373 1859 1433 1924 δὲ
1481 1862 1661 1937 ἡδονή.
1732 1860 1940 1925 Refert
1985 1862 2133 1925 haee
2171 1860 2524 1925 nobilitatos
2558 1858 2670 1921 hos

652 1978 906 2042 Pindari
960 2000 1204 2056 versuS,
1254 1999 1405 2063 quos
1450 2001 1576 2043 non
1624 1979 1804 2043 semel
1851 1981 2053 2064 tangit
2095 1979 2307 2043 Plato:
2363 1979 2594 2056 Νόμος,
2643 1979 2671 2042 ὃ

652 2098 885 2163 πάντων
929 2098 1243 2180 βασιλεὺς,
1293 2100 1504 2163 θνατῶν
1549 2124 1617 2162 τε
1669 2099 1767 2163 καὶ
1814 2099 2115 2163 άθανάτων
2132 2149 2150 2177 ,
2177 2095 2314 2175 ἄγει
2347 2098 2571 2162 δικαιῶν
2603 2097 2668 2161 τὸ

652 2214 991 2294 βιαιότατον
1039 2214 1338 2297 ὑπερτάτα
1380 2216 1550 2297 χειρί.
1603 2214 1743 2279 Vid.
1792 2215 2042 2280 Pindari
2087 2216 2160 2279 fr.
2210 2223 2355 2279 tom.
2407 2214 2508 2277 III
2526 2263 2544 2292 ,
2576 2236 2668 2277 nr.

661 2335 808 2397 151.
860 2333 953 2397 ed.
1001 2331 1270 2396 Boeekh.
1318 2331 1477 2395 Plat.
1526 2331 1694 2395 Prot.
1743 2355 1802 2417 p.
1857 2334 1975 2397 137
2005 2332 2084 2395 D.
2119 2332 2196 2395 de
2225 2332 2414 2417 Legg.
2442 2330 2574 2409 III,
2608 2354 2669 2415 p.

661 2455 786 2516 690
835 2453 925 2532 Β,
981 2452 1057 2516 ad
1106 2474 1290 2535 quem
1334 2451 1537 2515 locum
1585 2451 1660 2515 ef.
1711 2452 1871 2515 Astii
1918 2451 2240 2515 Animadv.
2290 2474 2350 2536 p.
2404 2452 2548 2515 170.

747 2571 950 2634 Etiam
1033 2570 1097 2633 in
1172 2570 1247 2633 iis
1318 2590 1473 2652 quae
1533 2568 1796 2633 Dionem
1857 2568 2157 2633 dicentem
2218 2568 2362 2633 facit
2417 2568 2493 2632 de
2552 2590 2674 2631 ma-

656 2688 1013 2775 gistratibus
1082 2710 1275 2751 novae
1341 2688 1572 2752 civitati
1639 2687 2055 2773 praeficiendis
2110 2687 2426 2751 manifeste
2470 2685 2674 2751 Plato-

655 2832 793 2872 nem
857 2815 1103 2872 secutus
1166 2816 1292 2885 est,
1366 2826 1773 2891 quamquam,
1837 2806 2140 2871 oblivione
2214 2829 2289 2870 an
2352 2804 2671 2883 consulte,

655 2926 841 2990 huius
902 2935 1224 3012 praecepta
1276 2926 1529 3011 paulum
1576 2925 1942 2997 immutavit.
2034 2925 2307 2989 Primum
2349 2924 2560 3009 jubet,
2610 2947 2669 3008 p.

656 3048 783 3109 356
832 3046 921 3108 D:
994 3046 1247 3123 πολέμου
1294 3070 1361 3111 τε
1404 3046 1502 3109 καὶ
1558 3046 1769 3132 εἰρήνης
1815 3045 2109 3126 ἄρχοντας
2157 3027 2669 3123 νομοφύλακας

654 3164 1034 3241 ποιήσασθαι,
1097 3163 1327 3244 άριθμὸν
1389 3160 1777 3243 τριάκοντα
1821 3162 1942 3227 καὶ
1992 3162 2234 3240 πέντε,
2282 3161 2445 3239 μετα
2490 3161 2670 3235 δήμου

652 3280 752 3347 καὶ
798 3281 1018 3359 βουλῆς
1045 3301 1059 3316 ·
1110 3281 1447 3361 δικαστήρια
1492 3282 1541 3345 δ’
1567 3280 1734 3345 ἄλλα
1778 3281 1884 3356 μὲν
1929 3277 2126 3345 ἄλλων
2140 3330 2157 3362 ,
2205 3278 2449 3344 θανάτου
2481 3278 2669 3343 δὲκαὶ

651 3408 855 3480 φυγῆς
930 3397 1059 3471 τούς
1131 3424 1201 3464 τε
1270 3399 1442 3463 πέντε
1510 3397 1610 3463 καὶ
1683 3398 1988 3479 τριάκοντα
2059 3398 2364 3478 ὑπάρχειν.
2466 3396 2670 3460 Etiam

652 3516 817 3601 apud
886 3516 1204 3581 Platonem
1252 3516 1328 3580 de
1395 3514 1587 3600 Legg.
1652 3515 1763 3594 VI,
1827 3540 1887 3602 p.
1941 3518 2064 3582 752
2113 3516 2208 3593 D,
2256 3522 2672 3579 memorantur

651 3636 1056 3716 νομοφύλακες
1076 3683 1094 3712 ,
1157 3635 1262 3700 sed
1326 3656 1583 3699 numero
1640 3622 1948 3715 τριάιιοντα
2001 3633 2100 3697 καὶ
2148 3632 2177 3697 ἕ
2192 3656 2351 3698 πτα
2368 3682 2386 3711 ,
2437 3654 2672 3696 eorum·

654 3775 773 3837 que
831 3752 1227 3838 praecipuum
1287 3775 1513 3818 munus
1575 3760 1667 3817 est
1726 3760 1797 3816 ut
1858 3753 1980 3817 sint
2037 3761 2285 3833 σωτῆρες
2343 3751 2556 3830 νόμων,
2607 3774 2667 3837 p.

657 3874 781 3937 770
829 3871 917 3935 B:
965 3872 1321 3957 capitalium
1367 3895 1690 3936 causarum
1736 3879 2196 3954 ceterarumque
2214 3870 2519 3957 judicium
2542 3892 2670 3935 non

653 3990 748 4054 his
808 3990 1089 4070 mandat,
1151 3990 1256 4055 sed
1310 3990 1604 4055 tribunali
1659 3990 1735 4055 ad
1789 3989 1853 4053 id
1905 3990 2208 4054 instituto.
2304 3987 2479 4069 Quae
2532 3997 2671 4074 post

652 4108 800 4172 haec
832 4108 1115 4194 deinceps
1161 4115 1535 4193 sequuntur:
1586 4108 1720 4189 πρὸς
1765 4112 1983 4179 τούτοις
2026 4112 2082 4173 τ’
2106 4109 2406 4199 ἐκλεκτοὺς
2431 4108 2670 4185 γίγνεσ-

650 4230 741 4292 θαι
789 4228 1071 4300 δικαστάς
1119 4231 1184 4293 ἐκ
1228 4234 1337 4293 τῶν
1385 4234 1481 4293 νῦν
1523 4228 1614 4292 αεὶ
1664 4234 1967 4309 περυσινῶν
2012 4227 2343 4307 άρχόντων,
2407 4226 2495 4291 ἕν’
2544 4225 2667 4303 ἀφ’
