3092 5084
1656 463 1735 524 10

685 691 754 732 ac
807 669 1024 754 judicii
1082 668 1263 733 laude
1322 668 1512 732 claros
1529 718 1549 746 ‚
1621 668 1771 733 tales
1844 669 2189 753 praesertim
2206 718 2225 746 ‚
2296 691 2449 752 quos
2518 669 2693 733 bene-

686 787 852 850 volos
917 786 1120 872 potius
1182 765 1419 871 judices
1467 808 1651 869 quam
1699 785 2069 850 adversarios
2101 786 2265 876 §mihi
2312 793 2474 871 opto.
2570 787 2689 850 Res

685 913 890 970 tamen
951 905 1224 990 postulat
1283 911 1356 968 ut
1400 904 1567 988 quod
1614 904 1809 968 sentio
1855 905 2071 984 dicam.
2164 905 2323 970 Mihi
2367 905 2691 990 diligenter

687 1023 1041 1088 examinatis
1089 1023 1184 1087 his
1231 991 1504 1108 epistolis
1551 1029 1611 1086 et
1655 1023 1963 1109 perpensis
2008 1045 2164 1108 quae
2188 1025 2335 1102 Ast,
2369 1024 2687 1102 Salomon,

689 1141 990 1226 Wiegand
1004 1190 1022 1218 ,
1104 1139 1417 1204 Hermann
1433 1189 1452 1219 ,
1501 1140 1685 1204 ceteri
1734 1141 2287 1206 animadverterunt
2317 1143 2360 1226 ι)
2376 1191 2396 1220 ,
2457 1141 2687 1224 liquere

685 1259 884 1323 visum
931 1265 1022 1322 est
1036 1309 1056 1338 ,
1105 1281 1204 1323 eas
1248 1281 1456 1322 omnes
1504 1265 1567 1322 et
1612 1266 1967 1344 argumento
2014 1268 2075 1323 et
2115 1261 2386 1348 oratione
2415 1261 2503 1325 ita
2534 1282 2690 1325 com-

686 1385 926 1463 paratas
971 1400 1128 1470 esse,
1183 1384 1254 1440 ut
1283 1400 1396 1441 nec
1420 1377 1734 1442 Platonem
1772 1400 1883 1441 nec
1915 1377 2323 1463 Speusippum
2354 1401 2464 1442 nec
2496 1400 2689 1442 unum

687 1520 720 1560 e
774 1483 1172 1560 familiaribus
1234 1495 1507 1560 Platonis
1555 1504 1863 1560 auctorem
1888 1497 2171 1575 referant
2183 1547 2201 1576 ,
2262 1497 2367 1560 sed
2426 1497 2689 1580 aliquem

689 1614 786 1678 vel
831 1614 1037 1699 potius
1083 1613 1320 1698 aliquos
1365 1636 1437 1678 ex
1481 1614 1860 1678 imitatorum
1890 1637 2071 1702 grege
2087 1664 2105 1692 ‚
2141 1615 2249 1698 qui
2279 1622 2527 1679 centum
2556 1616 2690 1700 plu—

687 1732 930 1796 ribusve
977 1731 1148 1794 annis
1195 1738 1334 1816 post
1377 1732 1671 1796 vixerint:
1719 1733 1991 1796 homines
2037 1733 2531 1815 φιλοπλάτωνοις,
2582 1732 2688 1816 qui

686 1850 948 1915 lectione
993 1852 1123 1934 ejus
1151 1850 1407 1928 imbuti,
1453 1851 1518 1914 in
1549 1850 1802 1915 historia
1831 1850 2067 1915 modice
2097 1851 2351 1928 versati,
2399 1851 2464 1915 in
2492 1825 2690 1935 'philo-

689 1968 904 2053 sophia
958 1988 1172 2053 parum
1187 2017 1206 2045 ‚
1271 1991 1304 2032 e
1363 1966 1638 2032 Platonis
1698 1968 1934 2032 scriniis
1978 1969 2127 2032 haec
2172 1969 2499 2055 specimina
2552 1991 2690 2033 con—

689 2085 1082 2160 cinnaverint.
1175 2085 1430 2149 Illarum
1488 2092 1693 2150 autem
1753 2093 1825 2150 ut
1884 2087 2175 2171 optimam
2218 2087 2305 2150 ita
2349 2087 2691 2170 antiquissi-

687 2227 848 2268 mam
913 2226 1042 2268 esse
1101 2203 1436 2288 Epistolam
1499 2203 1627 2268 VII
1643 2253 1661 2283 ,
1726 2227 1799 2269 ex
1858 2205 1971 2269 hac
2022 2212 2247 2270 ceteras
2292 2205 2609 2290 plerasque
2653 2229 2691 2270 a

689 2322 1017 2387 serioribus
1064 2346 1192 2387 esse
1237 2345 1542 2409 procusaS.

777 2440 1024 2522 Quibus
1078 2442 1450 2526 argumentis
1495 2441 1665 2506 haec.
1688 2465 1822 2506 mea
1866 2442 2072 2526 opinio
2116 2443 2351 2506 nitatur
2364 2493 2382 2522 ,
2430 2466 2687 2527 sequens

687 2559 1023 2644 disputatio
1071 2557 1412 2644 explicabit.

753 2831 801 2892 1)
833 2830 906 2880 Ex
940 2829 1012 2878 his
1047 2832 1137 2879 Ast
1169 2846 1330 2880 omnes
1364 2830 1601 2896 Epistulas
1636 2832 1800 2881 ordine
1833 2837 1884 2881 et
1908 2832 2130 2896 carptim,
2166 2798 2389 2881 Salomon
2413 2832 2523 2881 data
2544 2848 2687 2896 opera

690 2925 784 2973 vu
828 2929 875 2974 et
917 2926 1068 2985 VIII,
1118 2925 1407 2975 Tiedemann
1452 2931 1501 2974 et
1533 2926 1762 2990 Wiegand
1796 2926 1873 2984 ΙΙ,
1909 2925 2152 2976 Hermann
2187 2927 2313 2986 (libr.
2346 2927 2473 2976 laud.
2507 2943 2555 2992 p.
2591 2927 2687 2976 502

689 3022 811 3070 nott.
847 3020 970 3080 216,
1005 3021 1120 3082 220)
1152 3020 1402 3085 praecipue
1437 3021 1561 3072 VIII
1597 3020 1649 3070 in
1684 3037 1876 3071 examen
1912 3024 2157 3070 vocarunt.
