3092 5084
1596 475 1674 533 22

717 685 827 748 'Uti
875 685 988 746 hae
1035 683 1361 766 epistolae,
1411 683 1500 743 ita
1545 689 1776 744 ceterae
1825 704 2072 764 quoque
2116 705 2269 764 quae
2316 681 2393 743 ad
2425 679 2639 744 famili-

632 827 760 867 ares
824 803 1081 886 scriptae
1144 808 1290 863 sunt
1358 800 1761 884 praestantiae
1822 799 2015 882 gradu
2061 800 2327 863 multum
2371 793 2531 864 inter
2577 822 2639 862 se

629 923 918 988 differunt
935 947 952 998 ;
1001 920 1186 984 simul
1231 930 1436 983 autem
1480 919 1546 982 in
1594 919 1899 1003 plerisque
1930 919 2097 982 haud
2129 919 2386 984 obscura
2414 918 2639 982 indicia

629 1040 1059 1116 inveniuntur,
1111 1061 1209 1101 eas
1256 1061 1288 1100 e
1334 1037 1462 1100 VII
1509 1060 1639 1100 esse
1685 1059 1989 1121 procusaS.

720 1159 1000 1244 Epistola
1043 1157 1100 1218 V
1147 1158 1370 1241 scripta
1416 1165 1508 1220 est
1554 1156 1631 1219 ad
1674 1130 2056 1234 Perdiccam,
2106 1179 2227 1240 quo
2273 1176 2475 1240 regem
2515 1157 2641 1219 Ma-

632 1278 918 1342 cedoniae
965 1276 1224 1360 intelligi
1272 1283 1697 1360 argumentum
1730 1276 2026 1354 ostendit,
2061 1275 2361 1358 siquidem
2394 1281 2643 1359 apparet

633 1420 773 1460 eum
833 1395 1119 1475 μόνκρχον
1177 1395 1366 1458 fuisse
1425 1396 1506 1478 (p.
1557 1369 1960 1478 321—32'2),
2010 1403 2073 1456 et
2115 1401 2387 1478 tempora
2432 1415 2643 1456 conve-

633 1516 832 1578 niunt.
926 1513 1224 1597 Regnavit
1259 1515 1429 1576 ,enim
1488 1512 1806 1576 Perdiccas
1867 1512 1970 1576 ΠΙ
2032 1537 2084 1576 a.
2134 1512 2203 1576 C.
2254 1515 2601 1576 364—359
2620 1563 2637 1590 ,

633 1655 754 1717 quo
814 1641 1084 1716 tempore
1143 1632 1320 1695 Plato
1383 1633 1820 1717 propemodum
1886 1635 2142 1698 65-70
2210 1655 2398 1695 annos
2459 1639 2639 1695 natus

631 1760 778 1816 erat.
872 1751 1273 1818 Commendat
1340 1754 1393 1815 ei
1460 1752 1891 1836 Euphraeum,
1961 1775 2152 1842 unum
2223 1745 2511 1814 nimirum
2568 1773 2639 1814 ex

634 1872 994 1935 Academiae
1039 1870 1348 1934 sodalibus
1380 1873 1454 1954 ¹),
1505 1879 1564 1934 et
1612 1871 1793 1934 simul
1840 1871 2099 1934 rationes
2132 1869 2301 1933 addit
2332 1892 2442 1932 cur
2470 1871 2635 1955 ipse,

635 1991 780 2054 dum
841 1991 972 2053 aliis
1013 1989 1266 2053 consilia
1304 1989 1506 2066 daret,
1552 2010 1795 2072 prorsus
1834 2011 1867 2051 a
1907 1988 2217 2072 republica
2258 1988 2636 2052 abstinuerit.

634 2109 801 2172 Haec
835 2116 1036 2170 autem
1070 2107 1338 2170 defensio
1369 2107 1510 2170 inde
1535 2129 1571 2169 a
1602 2106 1825 2184 verbiS,
1859 2108 1957 2170 ἐὰν
1981 2106 2039 2170 δέ
2056 2131 2141 2176 τις
2166 2105 2416 2177 οἰκούσαις
2440 2111 2639 2170 ταῦτα

633 2231 714 2311 (p.
751 2229 875 2289 322
927 2229 1034 2308 Α),
1077 2235 1168 2289 est
1212 2227 1384 2308 quasi
1417 2225 1843 2308 compendium
1875 2247 2081 2289 eorum
2115 2247 2269 2307 quae
2299 2225 2364 2287 in
2396 2223 2638 2287 exordio

635 2343 946 2428 Epistolae
991 2342 1118 2405 VII
1144 2343 1434 2426 leguntur
1465 2343 1539 2405 de
1570 2341 1844 2406 Platonis
1876 2343 2001 2405 vita
2033 2343 2306 2426 publica,
2342 2352 2401 2405 et
2432 2353 2641 2427 postea

635 2487 691 2546 p.
743 2465 868 2524 330
920 2484 1008 2544 sq.
1058 2461 1132 2524 de
1177 2462 1410 2524 ratione
1459 2483 1615 2543 quae
1661 2462 1724 2523 in
1772 2461 2036 2523 consiliis
2084 2460 2296 2524 dandis
2336 2459 2641 2544 sequenda

635 2581 748 2658 sit3
797 2603 922 2645 non
970 2603 1164 2664 pauc-a
1209 2581 1271 2643 in
1320 2581 1414 2642 his
1459 2601 1707 2664 prorsus
1756 2587 1901 2643 sunt
1946 2580 2183 2644 similia.
2211 2583 2257 2664 2)

718 2699 994 2783 Epistola
1039 2698 1133 2762 IX
1180 2698 1255 2762 ad
1303 2699 1634 2783 Archytam
1683 2699 1873 2762 veluti
1918 2699 2284 2763 documento
2318 2707 2409 2762 est
2440 2697 2632 2774 ξενίοις

630 2816 726 2880 xx)
761 2817 1038 2895 ἕτκιρείκς
1088 2839 1267 2899 quam
1315 2839 1456 2880 cum
1489 2817 1760 2901 Archyta
1786 2841 1848 2880 se
1879 2819 2085 2880 iniisse
2118 2817 2328 2882 scribit
2358 2817 2472 2901 Ep.
2509 2815 2637 2879 VII
2670 2798 2674 2802 Δ

553 2931 556 2934 ’
631 2958 688 3018 p.
739 2937 865 2997 338
913 2933 992 3010 C,
1041 2935 1210 2997 cuius
1259 2935 1439 2998 etiam
1486 2935 1771 3020 epistolas
1820 2935 1895 2998 ad
1929 2960 1991 3000 se
2024 2937 2235 2998 missas
2266 2935 2491 2999 ibidem
2522 2958 2639 2998 me·
2698 3001 2704 3014 x

631 3059 856 3129 morat,
907 3075 964 3136 p.
1015 3055 1140 3115 339
1190 3052 1266 3115 D.
1337 3051 1665 3140 Praecepta
1690 3054 1960 3116 continet
1992 3075 2270 3137 expressa
2302 3076 2334 3115 e
2364 3053 2637 3116 Platonis

631 3179 858 3255 mente,
893 3171 1090 3253 qualis
1123 3171 1186 3233 in
1231 3170 1338 3233 illa
1379 3171 1635 3254 epistola
1674 3171 1981 3254 pingitur:
2026 3171 2192 3234 velut
2238 3193 2392 3254 quae
2434 3178 2637 3234 monet

631 3289 704 3351 de
729 3288 1092 3372 capessenda
1113 3290 1450 3373 republica,
1487 3290 1561 3352 de
1592 3288 1971 3352 inserviendo
2004 3289 2267 3373 patriae,
2302 3269 2435 3352 tum
2471 3311 2637 3373 prae-

631 3408 835 3470 sertim
897 3407 1077 3471 verba
1134 3407 1274 3471 illa:
1341 3409 1539 3472 πολλοὶ
1602 3409 1659 3471 δὲ
1698 3411 1795 3472 xx)
1844 3416 1962 3480 τοῖς
2009 3415 2217 3486 καιροῖς
2263 3408 2474 3472 δίδοται
2518 3415 2635 3476 τοῖς

628 3527 724 3590 τὸν
783 3527 907 3602 βίον
977 3530 1134 3602 ἡμῶν
1195 3525 1787 3602 καταλαμβάνσωιν,
1836 3526 2001 3589 haud
2050 3526 2393 3611 discrepant
2440 3525 2513 3589 ab
2562 3527 2635 3589 iis

632 3668 786 3727 quae
833 3645 908 3708 de
955 3668 1017 3708 se
1062 3646 1196 3730 ipso
1244 3645 1395 3709 dicit
1441 3645 1555 3730 Ep.
1604 3644 1765 3722 VII,
1817 3667 1875 3728 p.
1926 3647 2053 3708 324
2100 3644 2149 3708 G
2197 3653 2257 3708 et
2301 3647 2425 3708 331
2476 3646 2551 3709 D.

697 3959 743 4017 1)
781 3958 850 4004 De
901 3957 1117 4005 Platonis
1163 3974 1271 4006 cnm
1307 3959 1561 4022 Euphraeo
1594 3963 1643 4008 et
1680 3959 1902 4007 Perdicca
1952 3959 2303 4077 consuctuiine
2354 3961 2448 4008 vid.
2481 3961 2638 4008 Athen

627 4052 712 4100 XI.
747 4068 792 4114 p.
832 4053 925 4101 508
959 4054 1021 4103 D.

693 4149 742 4209 2)
775 4149 935 4198 veluti
980 4167 1025 4213 p.
1073 4149 1169 4199 322
1215 4151 1281 4201 B:
1332 4155 1371 4200 ει
1419 4157 1486 4212 μὴ
1519 4156 1674 4213 μάτην
1704 4136 1979 4201 κινδυνεῦσαν
2010 4155 2145 4218 ᾤετο,
2180 4157 2231 4200 et
2264 4168 2310 4214 p.
2346 4152 2439 4200 331
2477 4153 2541 4200 D:
2580 4159 2634 4204 ει.

627 4245 782 4305 μέλλοι
813 4253 935 4306 μήτε
967 4248 1177 4309 ματαίως
1209 4249 1326 4312 ἐρεῖν
1356 4252 1478 4309 μήτε
1509 4249 1831 4295 ἀποθανεῖσθαι
1864 4247 2017 4307 λέγων.
