3092 5084
1656 480 1783 543 238

714 691 776 751 et
834 684 1147 752 lasciviam
1207 685 1430 773 objecit
1489 685 1718 771 (Laert.
1785 684 1910 752 III.
1962 688 1999 772 ᾗ
2042 689 2178 772 29).
2266 685 2474 769 Quam
2521 687 2731 754 acerbe

714 812 920 871 autem
964 804 1363 873 Antisthenes
1410 806 1466 872 ei
1510 805 1919 885 maledixerit,
1969 806 2213 872 abunde
2259 814 2426 893 patet
2457 830 2490 875 e
2517 807 2729 873 libello

710 945 895 1008 quem
960 924 1027 990 in
1084 946 1228 990 eum
1272 925 1515 1009 scripsit
1530 974 1549 1002 ,
1598 924 1702 990 cui
1745 924 1970 990 titulus
2016 931 2147 990 erat
2190 927 2392 993 Σαθῶν
2407 975 2428 1005 ,
2477 925 2730 1012 parodia

708 1043 974 1109 nominis
1033 1042 1287 1110 Πλάτων
1338 1045 1398 1129 (a
1458 1043 1606 1119 τάθη
1616 1022 1648 1123 ,’
1700 1046 2005 1109 membrum
2048 1044 2245 1126 virile)
2259 1095 2280 1124 ,
2327 1066 2454 1131 quo
2501 1044 2730 1131 signifi-

708 1169 886 1228 catur
930 1162 1115 1227 homo
1158 1161 1393 1241 mollis,
1440 1185 1732 1228 venereus
1747 1211 1768 1242 ‚
1814 1161 2202 1229 libidinosus.
2232 1160 2281 1250 ¹)
2326 1164 2728 1258 Antisthenes

708 1303 745 1344 a
787 1279 1045 1347 Platone
1086 1287 1337 1346 notatus
1383 1288 1476 1347 est
1521 1290 1597 1346 ut
1637 1282 1950 1362 ὄψιμαδής.

800 1399 1123 1467 Accedunt
1174 1399 1271 1468 his
1323 1399 1720 1466 historiarum
1771 1400 2127 1487 scriptores,
2175 1422 2441 1486 qnorum
2492 1401 2725 1486 primus

707 1518 1137 1587 memorandus
1174 1517 1475 1584 Philistus
1490 1568 1512 1597 ,
1562 1541 1688 1585 non
1730 1518 1926 1605 magis
1970 1520 2217 1605 tyranni
2260 1520 2491 1586 amicus
2536 1542 2725 1605 quam

706 1637 1083 1722 tyrannidis,
1126 1638 1241 1722 qui
1282 1638 1349 1704 in
1395 1636 1595 1724 Epist.
1641 1636 1780 1717 ΙΠ,
1839 1661 1902 1725 p.
1950 1640 2079 1703 815
2119 1637 2181 1701 -E
2196 1687 2216 1718 ‚
2264 1645 2328 1703 et
2371 1637 2538 1724 apud
2582 1637 2726 1703 Plu-

703 1757 898 1823 tarch.
960 1756 1146 1823 Dion.
1192 1779 1325 1843 cap.
1377 1759 1457 1824 11
1474 1807 1495 1836 ,
1548 1760 1629 1824 13
1679 1764 1741 1824 et
1804 1759 1886 1824 19
1903 1807 1923 1838 ,
1955 1765 2208 1823 notatur
2236 1765 2529 1843 tanquam
2560 1757 2723 1842 prin-

704 1897 846 1962 ceps
908 1899 1117 1942 eorum
1179 1899 1443 1962 quorum
1495 1877 2054 1944 machinationibus
2097 1876 2277 1943 Plato
2329 1877 2398 1942 in
2441 1876 2726 1964 Dionysii

706 1995 999 2061 invidiam
1044 1995 1338 2061 inductus
1384 2003 1563 2063 esset.
1617 1994 1828 2082 Nepos
1875 1996 2083 2082 (Dion.
2131 2019 2186 2063 c.
2234 1998 2299 2082 3)
2329 1995 2406 2064 de
2435 1995 2543 2061 illo
2573 1996 2723 2062 haec

708 2114 961 2180 scribit:
1012 2113 1235 2200 „Plato
1280 2123 1488 2180 autem
1531 2121 1776 2180 tantum
1835 2115 2002 2200 apud
2047 2114 2412 2202 Dionysium
2461 2115 2722 2180 auctori·

704 2241 865 2300 tate·
892 2233 1099 2319 potuit
1156 2233 1474 2319 valuitque
1528 2233 1910 2318 eloquentia,
1976 2241 2048 2299 ut
2105 2235 2162 2298 ei
2220 2235 2590 2320 persuaserit
2633 2240 2724 2320 ty·

702 2352 978 2419 rannidis
1050 2353 1245 2418 facere
1320 2353 1503 2418 finem
1565 2352 2032 2437 libertatemque
2089 2351 2342 2418 reddere
2401 2351 2723 2438 Syracusa-

701 2471 838 2536 nis:
902 2484 948 2535 a'
998 2492 1121 2555 qua
1178 2469 1495 2536 voluntate
1551 2469 1798 2536 Philisti
1859 2470 2114 2538 consilio
2175 2469 2503 2536 deterritus
2565 2469 2720 2536 est.''

700 2589 847 2655 Non
905 2589 1129 2655 mirum
1210 2589 1265 2655 si
1330 2589 1431 2653 hic
1499 2587 1712 2675 postea
1774 2611 1888 2654 sua
1952 2596 2202 2675 peccata
2264 2589 2331 2654 in
2398 2588 2719 2655 Platonem

700 2711 1021 2776 transtulit
1043 2761 1060 2788 ‚
1139 2709 1456 2776 scribendo
1529 2709 1698 2795 quod
1764 2709 1872 2776 ille
1944 2709 2243 2795 Dionysio
2327 2709 2720 2775 dissuasisset

702 2829 1115 2910 Συρακουσίους
1182 2827 1555 2910 ἐπικουφίσαι
1572 2877 1591 2912 ,
1619 2886 1623 2891 ,
1656 2828 1762 2904 τὴν
1821 2829 2010 2909 ἀρχὴν
2075 2828 2206 2894 ἀντὶ
2273 2826 2592 2905 τυραννίδος
2637 2830 2718 2901 εἰς

693 2946 1013 3024 βασιλείαν
1080 2948 1584 3026 μεταστήσανταε
1649 2971 1686 3012 a
1752 2969 1876 3033 quo
1945 2947 2196 3013 crimine
2241 2946 2593 3014 defenditur
2651 2947 2717 3012 in

698 3066 813 3153 Ep.
840 3065 979 3144 ΙΠ,
1006 3089 1066 3152 p.
1102 3068 1227 3131 315
1261 3065 1357 3144 D,
1407 3070 1534 3132 319
1570 3068 1648 3132 A.
1697 3064 2005 3132 Credibile
2043 3088 2188 3131 sane
2233 3066 2400 3132 hunc
2428 3067 2496 3132 in
2527 3066 2717 3132 histo·

698 3185 789 3250 ria
849 3206 1032 3269 quam
1094 3185 1338 3272 scripsit
1395 3185 1645 3251 illorum
1704 3192 2050 3272 temporum
2064 3233 2085 3264 ‚
2131 3184 2210 3250 de
2254 3185 2528 3250 Platonis
2574 3207 2716 3250 cum

697 3303 997 3390 Dionysio
1042 3303 1403 3370 commercio
1446 3326 1665 3391 parum
1709 3303 2038 3370 honorifice
2081 3303 2362 3369 locutum
2407 3325 2556 3369 esse.

788 3421 1085 3489 Omnium
1128 3431 1331 3489 autem
1376 3423 1807 3489 historicorum
1863 3421 2478 3488 maledicentissimus
2522 3420 2717 3486 Theo·

700 3564 962 3629 pompus
978 3591 998 3620 ,
1068 3543 1121 3607 is
1189 3542 1298 3627 qui
1356 3565 1555 3607 unum
1615 3564 1689 3608 ex
1733 3542 2019 3608 omnibus
2063 3540 2386 3607 Socraticis
2432 3539 2714 3606 laudasse

698 3662 893 3726 fertur
976 3660 1405 3726 Antisthenem
1484 3659 1711 3746 (Laert.
1776 3659 1873 3726 VI
1886 3710 1907 3741 ,
1973 3663 2010 3748 ᾗ
2076 3662 2222 3747 14),
2293 3661 2581 3726 acerrime
2646 3661 2712 3725 in

699 3777 1021 3844 Platonem
1064 3779 1341 3845 invectus
1385 3785 1479 3845 est
1492 3828 1513 3860 ,
1584 3780 1811 3846 duetus
1855 3780 2110 3846 fortasse
2152 3786 2355 3846 vetere
2400 3777 2713 3845 simultate

768 4081 815 4143 1)
854 4080 961 4131 vid.
996 4081 1158 4133 Laert.
1179 4081 1291 4141 111,
1323 4083 1347 4143 §
1379 4080 1469 4140 85,
1504 4084 1555 4131 et
1587 4082 1777 4149 Menag.
1811 4082 1872 4132 ad
1892 4080 1942 4134 h.
1967 4081 2000 4132 1.
2024 4098 2072 4149 p.
2096 4082 2220 4142 1513
2253 4081 2370 4134 ibid.
2393 4080 2489 4141 vl,
2522 4081 2624 4144 53,
2661 4080 2710 4134 7.

695 4174 769 4225 De
801 4174 1103 4226 Antisthenis
1136 4190 1244 4225 eum
1279 4174 1483 4226 Platone
1518 4175 1810 4231 dissensione
1843 4177 1933 4228 cfr.
1966 4176 2181 4227 Dittrich
2197 4215 2212 4238 ,
2247 4177 2296 4226 in
2333 4176 2603 4242 Prolegom.
2645 4176 2704 4226 ad

696 4270 829 4322 Crat.
862 4286 912 4336 p.
945 4269 1007 4323 37
1044 4286 1113 4335 sq.
