3092 5084
1595 455 1719 516 200

634 659 877 741 πράξεσι
897 713 915 736 ,
973 683 1097 745 quo
1160 659 1692 745 epistolographus
1743 659 1940 723 utitur
1994 662 2076 744 (p.
2127 663 2254 724 343
2304 661 2384 742 A)
2431 659 2507 722 ad
2541 660 2659 744 sig·

637 779 1012 844 nificandum
1073 778 1351 842 civ-cubum
1435 773 1629 863 qualis
1693 777 1876 842 ocubia
1936 779 2190 842 cernitur
2206 828 2225 856 ‚
2289 800 2413 842 non
2459 777 2657 862 qualis

635 905 839 962 mente
879 898 1220 983 cogitatur,
1261 918 1616 982 expressum
1647 905 1740 960 est
1772 919 1803 960 e
1835 895 2110 960 Platonis
2139 896 2398 961 Phaedr.
2434 919 2492 981 p.
2529 898 2655 960 271
2703 910 2706 912 ’

636 1015 723 1080 E:
767 1017 858 1082 δεῖ
872 1016 939 1091 δὴ
967 1017 1135 1082 ταῦθ’
1166 1018 1273 1100 (se.
1296 1016 1378 1080 τά
1400 1021 1510 1080 τῶν
1533 1015 1726 1094 λόγων
1748 1014 1896 1100 εἴδη)
1919 1017 2124 1087 ἱκανῶς
2156 1015 2468 1091 νοήσαντα,
2493 1015 2657 1093 μετὰ.

640 1139 839 1200 ταῦτα
892 1133 1161 1212 θεώμενον
1206 1133 1366 1197 αὐτα
1414 1135 1472 1197 ἐν
1531 1139 1662 1204 ταῖς
1711 1131 1986 1214 πράξεσιν
2033 1133 2173 1199 ὄντα
2197 1181 2214 1198 .
2240 1185 2254 1199 .
2287 1181 2304 1196 .
2352 1142 2426 1214 τῇ
2459 1134 2651 1208 αἰσθή-

637 1277 724 1318 σει
762 1253 1173 1318 ἐπακολουθεῖν.
1239 1250 1509 1336 Sophist.
1557 1275 1618 1337 p.
1679 1255 1806 1317 234
1868 1251 1958 1316 E:
2004 1250 2447 1332 ἀνατετράφθαι
2493 1251 2576 1316 τά
2597 1253 2656 1316 ἐν

640 1379 759 1443 τοῖς
820 1370 1015 1448 λόγοις
1076 1369 1499 1451 φαντάσματα
1560 1371 1673 1436 ὑπὸ
1714 1376 1824 1435 τῶν
1879 1371 1935 1435 ἕν
1979 1378 2114 1442 ταῖς
2159 1368 2434 1451 πράξεσιν
2478 1369 2656 1451 ἔργων

643 1487 1143 1569 παραγενομένων.
1194 1488 1499 1574 Deinceps
1542 1489 1704 1552 illud
1747 1488 1942 1574 Epist.
1992 1512 2051 1573 p.
2101 1491 2228 1552 343
2276 1487 2362 1552 E:
2412 1488 2534 1564 ἠδὲ
2565 1488 2659 1552 διὰ

644 1608 877 1673 πάντων
950 1607 1219 1685 διαγωγὴ
1278 1605 1397 1672 άνω
1456 1606 1558 1672 καὶ
1605 1607 1778 1673 ,κάτω
1840 1606 2288 1684 μεταβαίνουσα
2303 1658 2321 1682 ,
2375 1606 2659 1684 convenit

644 1749 783 1792 eum
830 1726 903 1790 iis
950 1747 1108 1810 quae
1153 1724 1333 1790 modo
1396 1725 1578 1790 citavi
1623 1725 1699 1790 de
1743 1724 1894 1810 Rep.
1942 1723 2106 1803 VII,
2153 1747 2215 1809 p.
2267 1725 2432 1787 534:
2477 1721 2535 1794 ὃς
2585 1723 2658 1788 ἂν

639 1845 735 1911 δια
794 1844 1029 1910 πάντων
1074 1845 1343 1924 ἐλέγχων
1389 1843 1598 1920 διεξιὼν
1643 1843 2044 1924 διαπορεύηται
2055 1871 2072 1922 3
2121 1866 2191 1907 ae
2235 1843 2427 1927 magis
2475 1843 2657 1906 etiam

650 1985 789 2028 eum
860 1962 957 2028 his
1016 1962 1197 2028 dictis
1256 1963 1322 2027 in
1382 1962 1778 2040 Pal-menide,
1837 1986 1898 2048 p.
1951 1965 2075 2026 136
2122 1961 2209 2025 E:
2257 1959 2393 2026 ἄνευ
2437 1961 2659 2034 ταύτης

641 2091 750 2156 τῆς
796 2080 892 2146 διὰ
936 2080 1155 2153 πάντας
1202 2079 1443 2156 διεξόδου
1488 2080 1587 2146 καὶ
1633 2081 1862 2156 πλάνης
1901 2081 2180 2146 άδύνατον
2218 2079 2543 2160 ἐντυχόντα
2577 2081 2658 2158 τῷ

642 2199 852 2274 άληθεῖ
890 2205 1013 2264 νοῦν
1058 2207 1249 2280 σχεῖν.
1336 2198 1964 2264 Animadvertendum
2010 2205 2214 2263 autem
2229 2248 2248 2276 ‚
2305 2219 2428 2281 quo
2477 2201 2659 2263 sensu

643 2325 852 2384 noster
894 2318 1194 2402 διαγωγήν
1213 2369 1227 2392 ,
1266 2319 1586 2384 Platonem
1636 2317 1868 2394 διέξοδον
1913 2338 2247 2403 usurpare3
2293 2316 2670 2380 vocabulum-

644 2437 913 2514 διαγωγὴ
966 2433 1132 2522 apud
1178 2436 1496 2503 Platonem
1512 2486 1531 2514 ,
1579 2437 1703 2501 si've
1745 2436 1917 2502 nude
1963 2437 2234 2522 positum
2279 2436 2402 2499 sive
2451 2434 2659 2499 addito

642 2554 775 2632 βίου
790 2604 810 2635 ,
870 2554 1100 2619 indicat
1143 2555 1297 2622 vitae
1338 2555 1685 2619 institutum.
1758 2554 1899 2618 Vid.
1958 2554 2034 2619 de
2086 2552 2235 2640 Rep.
2284 2552 2353 2632 Ι,
2417 2576 2478 2638 p.
2529 2555 2660 2616 344

646 2671 698 2738 Ο
712 2721 732 2752 ,
778 2673 1027 2739 Theaet.
1076 2697 1135 2758 p.
1189 2676 1265 2740 17
1278 2677 1310 2740 7
1361 2674 1437 2738 A.
1530 2673 1737 2738 Dietio
1783 2672 1897 2738 άνω
1945 2673 2044 2737 καὶ
2085 2672 2247 2737 κάτω
2279 2672 2662 2750 μεταβαίνειν

643 2791 940 2856 translata
1000 2799 1090 2857 est
1160 2816 1197 2856 a
1251 2791 1509 2858 Platone
1524 2843 1543 2871 ,
1616 2795 1725 2878 qui
1791 2800 1995 2858 tamen
2057 2793 2258 2878 aptius
2327 2791 2479 2855 dicit
2544 2789 2660 2855 άνω

644 2909 743 2974 καὶ
800 2908 961 2976 κάτω
1020 2911 1447 2995 μεταστρέφειν
1506 2913 1636 2984 τοὺς
1695 2911 1924 2989 λόγους.
1975 2909 2233 2975 Phaeds.
2279 2933 2339 2995 p.
2389 2911 2518 2976 272
2567 2909 2656 2974 B:

647 3025 880 3098 πάντας
942 3029 1151 3106 λόγους
1213 3026 1329 3094 ἄνω
1397 3029 1498 3094 καὶ
1554 3029 1714 3095 κάτω
1770 3027 2258 3108 μεταστρέφοντα
2309 3029 2658 3093 ἐπισκοπεῖν.

648 3144 744 3210 Of.
775 3145 925 3212 ibid.
962 3128 1091 3214 '278
1122 3147 1201 3212 D.
1267 3146 1441 3229 Quae
1476 3149 1661 3234 paulo
1695 3154 1836 3234 post
1867 3156 2243 3232 sequuntur,
2281 3145 2398 3231 Ep.
2430 3169 2494 3232 p.
2529 3125 2658 3210 344

646 3264 702 3329 Β
722 3291 747 3329 :-
782 3265 958 3344 μόγις
996 3266 1053 3332 δὲ
1082 3267 1403 3346 τριβόμενα
1448 3268 1585 3348 πρὸς
1622 3265 1842 3342 άλληλ’
1872 3270 2060 3332 αὐτῶν
2099 3263 2353 3343 ἕκαστα,
2394 3263 2658 3342 ὀνόματα

649 3383 751 3448 καὶ
774 3383 969 3463 λόγοι,
996 3385 1153 3466 ὄψεις
1182 3411 1253 3452 τε
1282 3386 1382 3452 καὶ
1415 3387 1735 3462 αἰσθήσεις,
1765 3438 1779 3452 .
1803 3435 1816 3451 .
1843 3437 1857 3450 .
1897 3384 2205 3464 ἐξέλαμψε
2236 3382 2502 3467 φρόνησις
2535 3384 2657 3464 περὶ

648 3499 889 3568 ἕκαστον
948 3504 1049 3568 καὶ
1094 3511 1251 3580 νοῦς,
1298 3505 1446 3570 haee
1492 3527 1774 3589 expressa
1803 3511 1950 3568 sunt
1980 3527 2012 3568 e
2043 3502 2348 3589 praeclaro
2380 3500 2658 3567 Platonis

651 3620 787 3684 loeo
846 3621 924 3686 de
980 3621 1131 3709 Rep.
1178 3622 1305 3701 IV,
1354 3647 1415 3709 p.
1464 3625 1592 3686 435
1642 3624 1730 3687 A:
1777 3622 1875 3688 καὶ
1921 3622 2072 3703 τάχ’
2117 3620 2190 3686 ἂν
2234 3620 2373 3702 πάρ’
2415 3619 2660 3696 ἄλληλα

652 3745 999 3812 σκοποῦντες
1044 3741 1142 3805 καὶ
1188 3741 1482 3822 τρίβοντες
1526 3739 1714 3821 ὥσπερ
1759 3743 1826 3806 ἐκ
1870 3741 2106 3821 πυρείων
2150 3738 2462 3817 ἐκλάμψαι
2507 3739 2662 3814 ποιή-

651 3879 865 3935 σαιμεν
908 3859 1011 3932 τὴν
1055 3859 1421 3935 δικαιοσύνην.

676 4033 679 4040 .
741 3975 1025 4060 Denique
1084 3977 1425 4042 notandum
1468 3978 1670 4063 lepide
1717 3977 1983 4042 dietum:
2032 3976 2144 4041 οὐδ’
2188 3973 2260 4040 ἂν
2306 3977 2334 4041 ὅ
2386 3979 2662 4052 Λυγκεὺς

588 4153 591 4160 .
651 4095 785 4160 ἰδεῖν
808 4093 1055 4171 ποιήσειε
1078 4098 1211 4170 τοὺς
1233 4096 1532 4169 τοιούτους.
1567 4095 1807 4162 Notum
1830 4103 1923 4160 est
1937 4094 2356 4181 proverbiumz
2381 4096 2660 4172 Λυγκέως

624 4200 907 4292 ’ὀξύτερον
952 4215 1237 4296 δέρκεσθαι
1282 4216 1620 4301 (Aristoph.
1668 4215 1833 4280 Plut.
1867 4239 1954 4278 ve.
1991 4215 2142 4296 210)
2176 4221 2236 4277 et
2282 4213 2494 4298 &neeis
2533 4236 2665 4278 oeu-
