3092 5084
1581 488 1704 546 168

639 702 788 771 test,
839 695 982 757 istas
1030 693 1406 754 narrationes«
1450 715 1481 754 e
1528 692 1688 754 fama
1717 691 1923 775 potius
1956 713 2136 774 quam
2171 715 2202 756 e
2235 692 2472 755 disertis
2506 714 2642 755 auc-

542 866 547 870 .
634 821 838 876 torum
897 810 1261 874 testimoniis
1320 810 1586 874 fluxisse.
1694 810 2022 894 Praecipue
2082 818 2298 874 notatu
2352 811 2641 896 dignum,

639 931 804 1015 quod
852 952 888 993 a
931 929 1242 1014 Diogene,
1290 937 1529 1014 praeter
1560 929 1927 993 Hermodori
1959 930 2375 993 testimonium
2405 929 2482 994 de
2512 951 2646 1013 pro-

637 1047 896 1114 fectione
958 1047 1302 1133 Megarensi
1317 1097 1337 1126 ,
1397 1047 1610 1113 nullus
1671 1047 1768 1111 his
1823 1047 1898 1142 de
1942 1049 2122 1112 rebus
2169 1048 2341 1111 testis
2387 1047 2642 1125 citatur,

641 1188 1003 1252 quamquam
1070 1165 1473 1250 quadraginta
1532 1165 1794 1250 amplius
1857 1167 2180 1251 scriptores
2244 1165 2321 1229 ad
2373 1165 2648 1230 Platonis

638 1285 824 1350 vitam
892 1284 1387 1350 conscribendam
1458 1284 1772 1363 adhibuit,
1837 1307 2098 1368 quorum
2156 1284 2338 1349 multi
2403 1284 2650 1349 Platoni

638 1427 930 1490 suppares
990 1405 1259 1468 fuerunt.
1350 1403 1429 1467 Id
1489 1405 1757 1489 profecto
1805 1426 1874 1467 eo
1921 1427 2031 1467 nos
2079 1403 2283 1481 ducit,
2331 1413 2402 1467 ut
2448 1403 2649 1468 creda·

636 1547 775 1588 mus
843 1523 1087 1586 illorum
1156 1521 1459 1586 neminem
1520 1521 1597 1585 de
1663 1521 1935 1585 Platonis
1996 1521 2104 1586 illa
2165 1522 2648 1607 peregrinatione

640 1640 921 1704 retulisse
946 1641 995 1725 l)
1054 1662 1305 1723 eamque
1366 1639 1525 1703 fama
1586 1641 1791 1725 potius
1839 1662 2020 1724 quam
2066 1639 2381 1703 literarum
2425 1662 2649 1704 memo·

644 1759 735 1824 ria
779 1782 905 1824 esse
952 1759 1346 1844 divulgatam.

732 1879 811 1943 In
855 1880 971 1942 hoc
1019 1885 1223 1943 autem
1270 1901 1477 1943 omnes
1523 1880 1624 1942 isti
1673 1879 1996 1964 scriptores
2029 1880 2437 1957 consentiunt,
2483 1878 2648 1962 quod

642 1997 961 2062 Platonem
998 1998 1218 2061 itinera
1245 1997 1385 2075 illa,
1422 2010 1578 2082 quae
1608 1999 1810 2082 plures
1845 2020 2033 2061 annos
2066 1997 2419 2076 durassent,
2455 2020 2651 2062 susce-

641 2118 802 2203 pisse
849 2116 1063 2181 dicunt
1108 2117 1275 2180 brevi
1320 2124 1459 2201 post
1504 2124 1759 2181 mortem
1793 2116 2055 2180 Socratis
2087 2125 2384 2202 tempore,
2427 2124 2646 2200 atque,

643 2243 715 2300 ut
760 2234 1040 2298 Laertius
1088 2234 1292 2313 addit,
1342 2237 1666 2318 antequam
1713 2234 1982 2298 scholam
2026 2236 2092 2298 in
2138 2234 2466 2299 Academia
2512 2257 2650 2298 con-

646 2353 929 2416 didisset:
1002 2353 1117 2416 hoc
1180 2358 1305 2431 est,
1364 2375 1471 2436 per
1514 2353 1716 2436 ipsum
1763 2352 1920 2416 illud
1966 2361 2238 2438 tempuS,
2293 2376 2400 2440 per
2447 2352 2648 2437 quod,

643 2472 978 2536 secundum
1023 2471 1636 2556 Epistolographum,
1685 2471 1861 2535 Plato
1907 2472 2165 2537 Athenis
2211 2472 2412 2556 degit,
2446 2472 2512 2535 in
2543 2493 2650 2557 po-

640 2592 825 2656 liticis
883 2590 1151 2654 consiliis
1199 2598 1257 2654 et
1306 2590 1726 2676 philosophiae
1773 2591 1992 2655 studiis
2039 2597 2389 2677 occupatus
2483 2587 2648 2655 Nam

644 2709 808 2794 quod
890 2709 1158 2772 scholam
1216 2708 1455 2794 aperuit
1513 2709 1580 2772 in
1641 2708 2002 2786 Academia,
2066 2709 2130 2772 id
2191 2716 2351 2773 certe
2419 2709 2650 2773 factum

706 3027 752 3082 1)
787 3026 922 3074 Unus
964 3025 1163 3073 fortasse
1194 3024 1330 3072 testis
1354 3025 1510 3072 afferri
1536 3025 1689 3089 possit
1719 3025 2048 3089 gravissimus,
2083 3025 2414 3083 Aristoxenus,
2455 3027 2502 3073 in
2539 3027 2650 3076 Vita

642 3122 883 3180 Platonis,
940 3137 965 3168 e
1021 3137 1114 3184 quo
1166 3121 1427 3170 Aristocles
1476 3122 1602 3184 apud
1637 3120 1894 3169 Eusebium
1941 3121 2109 3184 Praep.
2154 3121 2243 3168 Eu.
2277 3121 2394 3179 XV,
2451 3123 2496 3180 2,
2536 3123 2650 3170 haec

641 3218 809 3266 refert:
858 3223 902 3268 ἐν
950 3223 1044 3286 γὰρ
1076 3226 1135 3288 τῇ
1167 3220 1311 3286 πλάνῃ
1346 3221 1419 3268 καὶ
1453 3226 1512 3287 τῇ
1546 3193 1784 3282 e'tnossnplqz
1820 3221 1948 3284 φησὶν
1980 3219 2306 3268 ἐπανίστασθαι
2346 3223 2420 3269 καὶ
2459 3225 2650 3270 ἀντοικο-

642 3313 795 3376 §operae
829 3315 952 3379 αὐτῷ
984 3318 1107 3369 τινάς
1138 3315 1392 3380 περίπατον
1422 3315 1569 3371 ξένους
1601 3313 1746 3370 ὄντας.
1801 3313 1890 3360 Sed
1925 3311 2262 3361 Aristoxenum
2301 3313 2385 3362 hac
2409 3315 2647 3382 ἀποδημίᾳ

642 3408 927 3456 intellexisse
977 3409 1169 3456 tertiam
1217 3408 1560 3471 profectionem
1606 3408 1656 3455 in
1697 3407 1906 3456 Siciliam
1941 3408 2149 3456 ostendit
2180 3408 2444 3467 Aristide3‚
2481 3410 2563 3469 11,
2600 3428 2650 3474 p.

644 3504 765 3560 324,
814 3503 957 3551 Dind.
1006 3503 1120 3552 haec
1164 3503 1398 3552 scribens:
1446 3507 1596 3572 ἕτεροι
1639 3501 1678 3553 δ’
1698 3504 1754 3555 αὖ
1803 3507 1934 3572 φασὶν
1971 3507 2113 3561 ἀληθῆ·
2147 3507 2288 3566 λέγειν
2317 3507 2526 3568 τούτους,
2565 3509 2645 3562 ὡς,

624 3590 719 3648 ’ὅτε
763 3605 844 3656 τὴν
887 3601 1046 3667 τρίτην
1086 3600 1345 3662 ἀποδημίαν
1388 3603 1451 3656 εἰς
1496 3601 1692 3651 Σικελίαν
1723 3601 2012 3663 ἀπεδήμησε,
2048 3607 2155 3650 τότε
2188 3612 2279 3650 τῶν
2309 3604 2504 3667 ἑταίρων
2535 3605 2650 3658 τινὲς

642 3696 781 3744 αὐτοῦ
814 3697 889 3744 καὶ
921 3705 1005 3744 τῶν
1040 3699 1102 3751 εἰς
1133 3701 1196 3745 τὰ
1229 3698 1435 3757 μάλιστα
1469 3698 1756 3759 ὡμιληκότων
1787 3697 2118 3763 ὑπολειφθέντες
2155 3699 2262 3746 οἴκοι
2296 3706 2494 3764 νεώτερα
2526 3702 2652 3761 ἐβου-

642 3791 852 3839 λιὺσαντο
870 3824 882 3837 .
903 3825 915 3838 .
935 3825 949 3838 .
1005 3793 1047 3841 οἱ
1104 3791 1150 3840 δὲ
1201 3791 1445 3858 διατριβάς
1488 3811 1543 3841 τε
1585 3796 1915 3852 ἀντισκευάξειν
1957 3793 2106 3848 αὐτοῖς
2148 3793 2297 3849 ἠξίουν
2339 3794 2522 3849 πλήσιον
2567 3802 2649 3850 τῆς

640 3886 801 3934 ἐκείνου
830 3887 907 3934 καὶ
940 3886 1187 3951 ᾠκοδόμουν
1218 3889 1293 3934 ἐπὶ
1325 3895 1383 3952 τῇ
1416 3881 1681 3950 Ἀκαδημίᾳ.
1749 3885 1944 3948 Spectat
1978 3884 2066 3932 hoc
2103 3886 2348 3934 manifeste
2381 3887 2438 3934 ad
2461 3886 2645 3935 Aristo-

640 3975 800 4026 telem.
867 3979 1018 4042 Atqui
1052 3979 1157 4028 luce
1192 3979 1363 4028 clarius
1398 3983 1469 4028 est
1502 3981 1753 4028 Platonem
1782 3979 2059 4043 longinquas
2083 3979 2188 4028 illas
2213 3981 2614 4043 peregrinationes
2633 4018 2647 4038 ,

641 4070 681 4120 si
726 4074 963 4138 suscepit,
1014 4075 1165 4122 multo
1212 4081 1322 4123 ante
1356 4075 1615 4138 suscepisse
1649 4091 1790 4138 quam
1837 4073 2116 4122 Aristoteles
2167 4075 2378 4123 Athenas
2413 4076 2645 4134 venisset,

640 4165 840 4230 ideoque
888 4169 944 4216 ad
988 4168 1161 4218 itinera
1199 4168 1247 4218 in
1286 4171 1578 4234 Aegyptum,
1613 4172 1703 4218 cet.
1737 4169 1852 4217 haec
1887 4169 2158 4218 Aristoxeni
2195 4171 2334 4218 verba
2367 4171 2530 4221 referri
2567 4187 2648 4219 ne·

642 4265 838 4329 queunt.
905 4263 1173 4320 Aristoxeni
1209 4266 1340 4316 locus
1375 4267 1500 4332 fugit
1534 4266 1810 4328 Stahrium,
1846 4266 2048 4317 Aristot.
2084 4267 2124 4316 1.
2160 4283 2208 4333 p.
2249 4267 2328 4320 52.
