3092 5084
1347 481 1471 544 187

414 689 735 775 quodque,
786 688 949 774 quod
996 690 1197 753 animo
1244 689 1493 752 offertur
1508 737 1527 765 ‚
1578 688 1923 773 exploretur
1969 694 2030 751 et
2075 687 2310 751 ratione
2357 692 2419 748 et

413 831 519 893 per
572 831 772 872 rerum
834 808 1265 892 experientiam
1326 807 1603 871 sensibus
1620 856 1638 884 ,
1704 805 2001 890 quidquid
2052 805 2276 869 dicitur
2319 804 2418 867 vel

412 927 755 991 ostenditur
797 927 971 991 facile
1016 926 1505 1010 redarguendum
1551 948 1615 988 se
1661 925 1936 1010 praebet,
1986 947 2180 1009 eoque
2211 945 2418 989 omnes

411 1047 611 1124 omni,
679 1054 751 1110 ut
801 1047 889 1110 ita
934 1046 1129 1110 dicam
1148 1095 1166 1123 ‚
1215 1045 1617 1130 ambiguitate
1663 1052 1723 1108 et
1769 1045 2138 1110 obscuritate
2182 1044 2414 1129 implet.

410 1165 485 1230 In
547 1166 771 1250 quibus
817 1166 1007 1250 igitur
1051 1188 1174 1229 non
1221 1165 1449 1230 assueti
1495 1173 1712 1229 sumus
1757 1164 1850 1228 ob·
1883 1187 2128 1248 pravam
2173 1163 2419 1227 institu-

405 1285 633 1350 tionem
696 1307 903 1348 verum
963 1284 1325 1369 investigare
1341 1334 1359 1362 ,
1409 1284 1515 1348 sed
1562 1283 1782 1349 oblatis
1830 1306 2032 1347 rerum
2079 1282 2416 1346 simulacris

408 1403 677 1468 contenti
722 1425 935 1466 sumus
950 1452 968 1481 ,
1016 1402 1189 1467 facile
1234 1402 1620 1467 ludificamur
1663 1402 1922 1467 invicem
1952 1401 2306 1484 interrogati
2339 1400 2413 1465 ab

411 1519 927 1604 interrogantibus
944 1570 962 1598 ‚
1028 1521 1251 1604 quibus
1312 1520 1571 1585 facultas
1635 1521 1714 1584 sit
1760 1527 2024 1604 quatuor
2067 1519 2175 1583 illa
2221 1517 2419 1582 discu-
2451 1521 2457 1530 '

412 1639 605 1704 tiendi
666 1647 727 1703 et
788 1639 1101 1724 arguendi.
1194 1639 1321 1704 Ubi
1366 1662 1505 1703 vero
1553 1641 1618 1703 in
1663 1638 2085 1724 respondendo
2133 1638 2418 1721 quintum

412 1758 569 1823 illud
616 1757 915 1843 explicare
960 1779 1203 1822 necesse
1250 1765 1372 1836 est,
1424 1759 1794 1842 quicumque
1840 1757 2220 1842 disceptandi
2265 1756 2418 1841 peri-

413 1886 514 1941 tus
579 1877 1044 1961 [adversarium]
1110 1876 1455 1941 subvertere
1516 1876 1664 1940 velit
1679 1925 1697 1954 ,
1761 1875 1948 1939 vincit
1997 1874 2299 1958 efficitque
2347 1882 2418 1938 ut

415 1997 501 2073 ie,
551 1995 659 2079 qui
704 1995 974 2060 oratione
1020 1995 1115 2059 vel
1160 1995 1353 2060 literis
1398 1995 1495 2059 vel
1538 1995 1929 2079 responsione
1958 2017 2084 2059 rem
2117 1993 2419 2079 explicare

415 2113 592 2190 velit,
640 2113 945 2197 plerisque
990 2112 1373 2177 audientium
1417 2113 1576 2177 nihil
1622 2135 1833 2177 eorum
1893 2135 2050 2197 quae
2095 2112 2293 2176 dicere
2323 2110 2419 2175 vel

416 2231 532 2296 scri
540 2231 675 2295 bere
736 2229 1087 2315 aggreditur
1146 2231 1483 2316 intelligere
1551 2231 1861 2295 videatur:
1909 2255 2062 2315 quos
2106 2230 2418 2295 interdum

415 2350 575 2434 fugit
591 2399 609 2428 ,
656 2372 780 2414 non
825 2355 1107 2414 naturam
1138 2351 1435 2434 cuiusque
1467 2357 1732 2434 quatuor
1761 2351 2040 2429 illorum,
2075 2323 2180 2415 sed
2213 2350 2418 2435 potius

418 2470 687 2533 animum
734 2469 1047 2536 scribentis
1087 2469 1183 2533 vel
1212 2457 1533 2553 loquentis*
1553 2471 1760 2554 argui,
1792 2470 1950 2534 male
1981 2493 2042 2534 se
2072 2470 2415 2535 habentem.

415 2589 741 2652 Discursus
788 2609 927 2651 vero
972 2609 1080 2673 per
1123 2588 1327 2652 omnia
1369 2588 1478 2673 illa
1522 2611 1764 2652 sursum
1811 2589 2095 2654 deorsum
2113 2639 2131 2667 ,
2173 2588 2419 2674 singula

416 2707 698 2791 deinceps
744 2705 1060 2790 explorans
1075 2755 1095 2784 ,
1132 2707 1231 2770 vix
1272 2707 1519 2771 tandem
1549 2708 1864 2771 scientiam
1894 2708 2092 2792 gignit
2122 2709 2417 2772 sinceram

414 2827 481 2890 in
533 2825 734 2889 animo
780 2824 1047 2902 sincer03
1096 2831 1158 2887 at
1204 2825 1255 2888 si
1301 2826 1438 2908 quis
1482 2826 1645 2890 mala
1688 2826 1892 2891 indole
1939 2827 2019 2890 sit
2065 2827 2376 2912 praeditus
2396 2877 2414 2906 ,

416 2945 759 3031 cuiusmodi
804 2951 896 3008 est
939 2944 1367 3029 plerorumque
1414 2946 1600 3010 animi
1643 2945 1878 3010 indoles
1924 2953 2050 3011 tam
2097 2946 2174 3010 ad
2201 2946 2421 3011 doctri-

417 3087 558 3129 nam
618 3086 801 3147 quam
846 3061 925 3126 ad
970 3085 1164 3127 mores
1180 3112 1200 3141 ‚
1249 3065 1470 3148 partim
1516 3064 1700 3128 etiam
1745 3065 1797 3128 si
1841 3065 2272 3148 (institutione)
2318 3065 2422 3128 de-

376 3261 381 3264 .
420 3190 706 3268 pravatus
766 3181 877 3258 sit,
942 3181 1238 3245 eiusmodi
1297 3183 1542 3268 ingenia
1603 3206 1678 3246 ne
1722 3182 2005 3267 Lynceus
2053 3184 2299 3267 quidem
2349 3191 2420 3247 ut

418 3307 668 3368 cernant
728 3300 955 3364 efficere
1014 3307 1235 3384 posset.
1328 3301 1419 3364 Ut
1472 3301 1821 3366 summatim
1884 3301 2115 3379 dicam,
2181 3303 2287 3386 qui
2331 3303 2419 3366 rei

419 3422 539 3507 ipsi
624 3419 727 3504 [de
787 3441 909 3502 qua
968 3419 1307 3504 quaeritur]
1370 3442 1495 3484 non
1567 3429 1860 3505 cognatus
1930 3421 2042 3498 sit,
2109 3444 2249 3484 eum
2310 3444 2422 3486 nec

488 3591 536 3652 2)
572 3591 725 3656 Vulgo
760 3594 809 3641 οὐ
838 3593 1196 3654 καταγέλαστοι,
1230 3592 1354 3654 quod
1388 3591 1427 3638 si
1460 3593 1694 3651 servatur,
1729 3591 2031 3640 enuntiatum
2053 3607 2138 3656 per
2160 3593 2421 3658 interroga-

421 3686 603 3734 tionem
634 3686 922 3746 efferendum
956 3689 1041 3733 est.

490 3781 537 3840 3)
570 3779 724 3828 Verba
764 3780 831 3828 sic
862 3781 1211 3847 transponenda
1246 3781 1478 3839 arbitror,
1514 3786 1570 3830 ut
1603 3779 1750 3830 latine
1785 3783 1915 3831 dedit
1955 3787 2038 3850 οὐχ
2077 3789 2105 3842 ἦ
2140 3795 2226 3835 τῶν
2260 3791 2422 3836 τεττά-

421 3896 511 3944 ρων
553 3877 677 3942 φὺσις
718 3876 908 3925 ἑκάστου
941 3877 1196 3941 ἐλέγχεται,
1247 3874 1345 3926 ἀλλ’
1386 3881 1414 3934 ἡ
1460 3882 1579 3945 ψυχὴ
1612 3882 1691 3928 τοῦ
1720 3884 1859 3948 γράψ.
1895 3884 1924 3944 ἣ
1954 3882 2046 3940 MR.
2085 3898 2188 3947 περ.
2231 3882 2418 3946 φαύλως.

422 3972 545 4020 Nam
594 3971 633 4018 si
678 3969 890 4033 imperiti
934 3987 963 4019 a
1002 3971 1166 4034 peritis
1208 3972 1582 4044 redarguuntur-3
1627 3989 1766 4034 causa
1811 3979 1884 4033 est
1928 3992 2023 4031 non
2059 3977 2108 4025 in
2141 3992 2222 4034 re,
2257 3976 2338 4024 sed
2369 3975 2418 4030 in

423 4067 670 4116 hominum
707 4065 911 4125 inscitia,
1360 4043 1367 4049 μ
