3092 5084
1364 509 1488 568 213

410 716 515 790 μὲν
574 712 665 780 οὖν
728 717 961 788 ποιητὴν
1014 715 1112 778 καὶ
1164 716 1393 794 πατέρα
1434 715 1596 778 τοῦδε
1634 721 1734 779 τοῦ
1765 718 1983 786 παντὸς
2028 717 2251 794 εὑρεῖν
2275 719 2330 778 τ’
2353 715 2435 794 ἔρ-

409 857 543 915 γον,
595 834 693 897 καὶ
741 831 947 913 εὑρόντ’
992 835 1089 904 εἷς
1156 835 1436 906 πάντας
1492 835 1846 898 ἀδύνατον
1889 835 2153 911 λέγειν.
2249 835 2330 898 Et
2369 836 2431 900 111

410 951 620 1015 eodem
668 951 937 1034 dialogO,
971 951 1079 1014 ubi
1111 951 1186 1014 de
1220 953 1531 1036 principiis
1564 973 1766 1015 rerum
1800 952 2172 1036 disputavit,
2210 975 2432 1031 sermo-

412 1093 550 1134 nem
598 1070 683 1132 sio
722 1069 1053 1151 concludit,
1104 1093 1162 1154 p.
1216 1073 1295 1132 53
1330 1069 1422 1133 D:
1453 1071 1563 1142 τοὶς
1588 1071 1636 1132 δ’
1659 1069 1742 1135 ἔτι
1769 1071 1982 1134 τούτων
2005 1072 2203 1150 ἀρχὰς
2226 1069 2433 1135 ἄνωθεν

410 1187 528 1259 θεὸς
574 1184 723 1270 οἶδε,
764 1188 863 1251 καὶ
910 1189 1115 1267 ἀνδρῶν
1163 1186 1220 1258 ὃς
1268 1187 1339 1252 ἂν
1385 1190 1572 1268 ἐκείνῳ
1621 1191 1792 1268 φίλος
1838 1188 1891 1268 ᾖ.
1970 1188 2046 1251 111
2096 1189 2194 1252 1113
2227 1199 2432 1274 aperte

407 1305 611 1382 docet,
663 1305 828 1389 quod
875 1307 1139 1391 primum
1196 1317 1255 1368 et
1302 1307 1467 1390 quod
1512 1306 1806 1370 ultimum
1839 1315 1930 1370 est
1965 1283 2108 1371 sciri
2142 1330 2176 1370 a
2207 1316 2426 1372 morta·

409 1425 571 1488 libus
626 1448 748 1488 non
794 1447 999 1508 posse,
1052 1433 1233 1509 atque
1280 1427 1330 1488 si
1380 1427 1590 1509 paucis
1641 1433 1750 1490 aut
1781 1426 2046 1510 singulis
2078 1427 2142 1489 id
2174 1427 2428 1491 fortasse
2479 1404 2484 1420 ⁸

412 1544 727 1628 contingat
783 1544 1075 1628 singulari
1134 1543 1373 1608 divinae
1420 1545 1639 1608 mentis
1689 1545 1895 1608 afflatu
1913 1585 1942 1622 ,2
1981 1545 2178 1610 verbis
2229 1553 2428 1610 tamen

407 1659 701 1726 declarari
763 1663 935 1726 nullo
997 1662 1177 1726 modo
1246 1685 1439 1748 posse.
1537 1663 1706 1756 Quid
1769 1665 2023 1741 mirum,
2089 1665 2141 1727 si
2201 1664 2430 1730 talibus

410 1782 557 1844 locis
603 1781 841 1845 inducti
872 1792 1019 1845 sunt
1051 1791 1123 1845 ut
1168 1781 1508 1858 crederent,
1560 1782 1806 1846 Platoni
1851 1782 1926 1845 de
1957 1783 2139 1847 rebus
2167 1784 2423 1847 occultis

414 1910 474 1964 et
518 1901 740 1965 divinis
786 1901 973 1964 fuisse
1021 1901 1243 1984 placita
1289 1901 1620 1984 quaedam,
1664 1924 1819 1985 quae
1859 1924 1969 1966 nec
2009 1903 2432 1966 ratiocinando

409 2029 469 2082 et
515 2019 996 2104 argumentando
1044 2020 1444 2084 demonstrari
1490 2043 1665 2104 posse
1711 2043 1822 2084 nec
1870 2022 1989 2084 nisi
2050 2021 2426 2087 doctioribus

409 2138 624 2222 aperiri
670 2146 948 2224 oportere
996 2139 1409 2202 existimaret?
1480 2146 1550 2202 ut
1614 2140 1821 2224 paucis
1871 2139 2069 2203 dicam
2090 2167 2120 2226 :-
2154 2141 2205 2203 si
2252 2152 2428 2225 puta-

406 2263 543 2320 rent
606 2257 881 2321 Platonis
944 2258 1282 2321 doctrinam
1344 2258 1523 2321 aliam
1589 2247 1775 2321 fuisse
1829 2258 2156 2337 ἐξωτερικὴν
2174 2311 2190 2332 ,
2241 2283 2421 2344 quam

404 2377 645 2462 scriptis
710 2377 837 2440 suis
900 2377 1312 2463 exposuisset,
1378 2378 1556 2441 aliam
1605 2381 1933 2456 ἐσωτερικὴν
1955 2429 1972 2457 ,
2033 2378 2218 2464 vulgo
2267 2380 2432 2444 abdi—

403 2505 532 2560 tam
578 2504 639 2559 et
683 2496 846 2559 intra
892 2496 1133 2560 scholae
1180 2495 1478 2560 cancellos
1524 2496 1874 2560 reclusam?
1911 2499 1958 2583 l)

490 2613 715 2700 Opinio
749 2614 924 2691 haec,
960 2621 1137 2677 antea
1168 2614 1553 2698 pervulgata,
1589 2615 1806 2684 merito
1841 2623 1911 2678 ut
1941 2614 2096 2677 falsa
2137 2623 2198 2678 et
2230 2636 2264 2677 a
2295 2614 2430 2678 Pla·

399 2733 563 2795 tonis
629 2733 876 2816 ingenio
948 2733 1279 2798 abhorrens
1342 2735 1469 2817 jam
1542 2756 1579 2797 a
1639 2733 1783 2796 viris
1848 2732 2042 2797 doctis
2106 2731 2431 2817 reprobata

402 2862 515 2916 est.
545 2852 593 2934 2)
686 2850 842 2916 Sane
898 2852 1146 2936 quidem
1192 2851 1403 2929 Plato,
1455 2852 1558 2935 qui
1606 2874 1746 2914 cum
1795 2851 2027 2935 ingenii
2075 2849 2433 2914 excellentia

468 3067 517 3126 1)
552 3066 667 3114 Fuit
718 3066 833 3116 11333
866 3067 1103 3116 sententia
1137 3071 1241 3115 tum
1280 3068 1495 3116 veterum
1530 3049 1828 3125 3131131313,-
1859 3067 2111 3131 praecipue
2145 3048 2421 3114 Platonico-

402 3177 508 3209 rum
526 3198 541 3219 ,
578 3176 783 3224 quorum
800 3161 1075 3210 testimonia
1096 3161 1289 3224 collegit
1309 3161 1706 3224 Wyttenbachius
1724 3161 1782 3209 ad
1803 3160 2039 3209 Phaedon.
2066 3177 2114 3224 p.
2139 3158 2427 3218 134-139,

406 3261 509 3305 tum
557 3256 877 3306 recentiorum
914 3257 1006 3320 'qui
1039 3256 1148 3305 illos
1182 3257 1333 3306 3331111
1368 3261 1503 3315 sunt,
1540 3260 1596 3304 111
1631 3255 1970 3315 Tiedemanni,
2005 3256 2202 3320 Dialog.
2237 3255 2428 3304 Platon.

406 3367 587 3416 argum.
641 3368 745 3417 pag.
790 3357 907 3401 extr.
944 3353 1193 3412 „Habebat
1240 3369 1441 3417 namque
1455 3391 1469 3412 ,
1508 3358 1561 3402 ut
1597 3351 1679 3400 alii
1715 3353 1812 3401 fere
1845 3351 2118 3416 philosophi
2152 3367 2345 3410 omnes,
2383 3356 2432 3400 31

407 3448 546 3498 Plato
594 3464 679 3496 sua
723 3451 933 3506 secreta,
987 3465 1108 3512 quae
1154 3449 1366 3497 revelare
1411 3448 1651 3512 profanis,
1705 3447 1756 3496 id
1789 3450 1862 3496 331
1895 3447 2082 3495 scholae
2118 3447 2300 3511 placitis
2336 3462 2432 3496 non

406 3543 546 3608 plane
597 3542 830 3602 initiatis,
875 3544 1007 3592 nefas
1042 3543 1267 3606 putabat:
1304 3560 1398 3607 quo
1434 3544 1492 3592 de
1524 3559 1696 3607 genere
1730 3546 1866 3592 erant
1900 3549 2092 3611 ἄγραφα
2125 3541 2208 3590 1113
2242 3542 2300 3590 ab
2332 3542 2437 3592 Ari-

409 3639 576 3688 stotele
612 3639 754 3688 etiam
790 3641 1160 3688 commemorata
1194 3639 1457 3705 δόγματα.”
1506 3639 1738 3688 Similiter
1773 3639 2164 3698 Tennemannus,
2200 3639 2327 3702 Syst.
2351 3639 2460 3686 der·

408 3734 599 3784 Platon.
648 3734 829 3783 Philos.
876 3735 927 3793 1,
975 3751 1021 3800 p.
1072 3734 1191 3786 137:
1250 3735 1372 3794 „Ein
1416 3735 1615 3784 anderer
1660 3735 1916 3795 Umstand,
1975 3735 2176 3784 welcher
2229 3735 2308 3782 fiir
2359 3733 2434 3782 die

410 3830 658 3879 Wahrheit
692 3831 845 3878 dieser
891 3833 1219 3896 Aiisserungen
1264 3831 1477 3895 spricht‚
1525 3833 1589 3880 ist
1625 3833 1731 3890 der,
1779 3832 1886 3880 dass
1921 3848 1970 3880 er
2007 3831 2183 3893 (Plato)
2221 3830 2324 3878 eine
2359 3846 2435 3894 ge-

410 3926 631 3990 doppelte
666 3925 977 3990 Philosophie
1022 3926 1181 3984 113113,
1218 3927 1323 3975 31113
1356 3931 1543 3975 31133313
1581 3927 1676 3976 und
1709 3927 1875 3976 iuuere
1907 3927 2022 3976 oder
2055 3926 2269 3990 gebeime
2288 3963 2300 3983 ,
2335 3925 2432 3973 und

410 4022 516 4070 dass
564 4037 613 4070 es
658 4022 739 4069 fiir
786 4021 861 4070 die
905 4022 1100 4070 letztere
1146 4022 1269 4070 auch
1315 4009 1572 4087 besondere
1617 4022 1858 4071 Schriften
1905 4021 2043 4086 gab.”
2105 3999 2186 4069 'cfi
2223 4021 2430 4069 eiusdem

412 4118 580 4167 Gesch.
614 4119 697 4166 der
732 4117 912 4167 Philus.
952 4118 1063 4167 vol.
1097 4119 1137 4167 1.
1174 4136 1219 4183 p.
1258 4118 1535 4167 205—222.

386 4263 393 4270 ,
475 4216 524 4276 2)
574 4215 691 4272 Ast,
739 4211 952 4262 Platon’s
999 4215 1053 4263 L.
1102 4231 1150 4264 11.
1196 4215 1329 4264 Schr.
1376 4231 1421 4280 p.
1471 4213 1567 4263 510
1618 4231 1686 4279 sq.
1744 4213 2171 4272 831113131111331131,
2221 4211 2432 4262 Platon's

415 4309 610 4368 Werke,
661 4310 717 4368 1,
752 4309 809 4357 P.
844 4309 896 4367 1,
946 4326 993 4375 p.
1043 4309 1253 4360 11—15.
1312 4309 1729 4374 Trendelenburg,
1777 4310 1833 4359 de
1877 4309 2005 4359 Ideis
2038 4325 2089 4373 p.
2123 4309 2169 4357 2.
2228 4307 2425 4366 Socher,
