3092 5084
1588 457 1669 518 58

623 691 724 747 ραν
785 667 842 731 ἔν
903 691 1007 731 τινι
1068 667 1254 746 τρόπῳ
1317 666 1467 729 δοκεῖ
1515 663 1649 744 ζῆν,
1699 664 1759 728 h.
1809 687 1861 728 e.
1907 667 2052 729 satis
2097 667 2247 729 bene.
2340 665 2501 730 Dein
2545 673 2633 728 at-

622 786 928 852 tendenda
988 793 1080 848 est
1142 784 1361 848 dictio:
1425 786 1528 858 τὴν
1588 783 1893 860 ἐπιθυμίαν
1953 784 2057 856 την
2119 786 2409 849 Διονυσίου
2462 789 2633 864 Φιλο-

623 906 835 986 σοφίας
887 904 988 969 καὶ
1048 905 1315 975 παιδείας
1383 905 1472 973 ὡς
1520 903 1685 983 ἔχοι
1731 903 2037 981 σφόδραι
2088 901 2363 968 additum
2409 903 2633 982 σφόδρα

621 1023 940 1088 obscuram
983 1022 1132 1086 facit
1175 1021 1495 1085 verborum
1521 1022 1903 1106 juncturam3
1952 1020 2195 1085 dubites
2229 1023 2389 1085 enim
2422 1029 2632 1086 utrum

621 1143 876 1228 genitivi
904 1141 1218 1228 pendeantv
1241 1164 1277 1204 a
1305 1163 1450 1205 voce
1481 1141 1787 1217 ἐπιθυμίαν
1818 1163 1895 1204 an
1928 1163 1963 1203 a
1986 1147 2273 1224 sequente
2303 1143 2375 1211 ὡς
2406 1141 2632 1221 σφόδρα

621 1261 766 1342 ἔχοι.
815 1261 1124 1325 Posterius
1170 1267 1330 1324 certe
1375 1258 1573 1323 voluit
1616 1259 1871 1344 scriptor
1886 1309 1908 1336 ,«
1952 1259 2059 1322 sed
2090 1267 2159 1322 ut
2188 1267 2349 1323 recte
2382 1259 2631 1322 dixisset

621 1380 888 1450 παιδείας
934 1382 1007 1451 ὡς
1053 1379 1213 1466 ἔχοι,
1261 1381 1531 1464 quomodo
1569 1400 1629 1442 se
1665 1380 1895 1442 haberet
1933 1381 2017 1442 ad
2042 1379 2390 1456 doctrinam,
2426 1401 2631 1462 quem·

622 1499 952 1565 admodum
1013 1505 1132 1572 πῶς
1195 1497 1352 1580 ἔχει,
1417 1493 1480 1562 εὖ
1539 1497 1667 1576 ἔχει
1724 1519 1864 1561 cum
1909 1496 2175 1583 genitivo
2216 1497 2395 1582 jungi
2441 1497 2627 1574 solet,

619 1621 706 1683 ita
766 1619 1010 1704 insolite
1073 1617 1292 1702 adjecit
1352 1615 1508 1680 illud
1570 1615 1813 1698 σφόδρα.
1919 1615 2137 1701 Inepta
2214 1615 2478 1699 denique
2541 1624 2632 1679 est

621 1738 944 1801 verborum
1005 1735 1347 1821 copulatio:
1409 1737 1482 1805 ὡς
1537 1733 1962 1814 εὐπαράκλητοι
2024 1728 2132 1798 εἷεν
2192 1733 2327 1814 πρὸς
2385 1733 2482 1798 τὸν
2534 1735 2631 1798 ὑπ’

619 1859 762 1934 ἐμοῦ
808 1855 1120 1932 λεγόμενον
1164 1855 1256 1918 ἀεὶ
1301 1853 1519 1930 λόγον
1564 1854 1663 1918 καὶ
1708 1853 1757 1930 β
1768 1853 1790 1917 ι’
1798 1877 1824 1918 ο
1837 1879 1884 1920 ν.
1954 1851 2117 1918 Nam
2162 1855 2188 1917 ὃ
2234 1836 2324 1918 ds)
2358 1855 2457 1917 ὑπ’
2491 1856 2631 1929 ἐμοῦ

619 1973 936 2052 λεγόμενος
995 1972 1170 2050 λόγος
1231 1972 1394 2036 idem
1455 1978 1549 2036 est
1609 1979 1792 2056 atque
1846 1970 1874 2034 ὁ
1930 1973 2021 2036 αεὶ
2094 1971 2408 2049 λεγόμενος
2467 1971 2627 2048 βίοςτ

618 2092 912 2176 intelligit
973 2114 1103 2155 eam
1163 2091 1348 2156 vitam
1411 2112 1599 2174 quam
1660 2089 1841 2154 modo
1900 2091 2257 2154 memoravit
2302 2089 2507 2154 dicens
2554 2089 2629 2154 de

619 2211 913 2296 Dionysio
929 2259 948 2288 ,
1012 2211 1091 2280 εἷς
1155 2209 1459 2286 ἐπιθυμίαν
1527 2210 1707 2273 ἐλθεῖν
1776 2209 1949 2274 αὐτὸν
2015 2201 2115 2273 τοῧ
2166 2210 2488 2274 καλλίστου
2533 2209 2628 2272 καὶ

617 2331 850 2411 οὶρίστου
895 2329 1044 2408 βίου.
1135 2328 1352 2393 Dicere
1398 2334 1681 2412 potuerat
1726 2327 1821 2392 τὸν
1866 2327 1955 2392 ἀεὶ
2000 2342 2137 2406 λεγ.
2168 2326 2340 2404 λόγον
2372 2327 2496 2406 περὶ
2526 2335 2629 2393 τοῦ

618 2449 850 2527 ἀρίστου
895 2447 1056 2524 βίου,
1106 2446 1213 2515 sed
1255 2445 1430 2520 λόγος
1471 2445 1569 2510 καὶ
1600 2446 1725 2523 βίος
1756 2446 1961 2530 inepte
1992 2445 2397 2530 copulantur.‘
2424 2445 2629 2510 Etiam
2696 2475 2703 2482 ·

621 2566 766 2630 alibi
810 2566 1016 2650 inepte
1060 2565 1230 2650 paria
1272 2564 1594 2629 verborum
1640 2571 2125 2650 componuntur,
2173 2563 2343 2629 velut
2389 2588 2447 2650 p.
2498 2567 2625 2628 325

619 2684 678 2748 D
695 2733 714 2762 ‚
777 2683 886 2748 ubi
944 2689 1062 2754 τοῖς
1121 2689 1232 2746 τῶν
1292 2682 1552 2762 πατέρων
1610 2683 1761 2758 ἤθεσι
1806 2683 1903 2746 καὶ
1950 2681 2399 2759 ἐπιτηδεύμασιν
2445 2704 2631 2768 oppo-

620 2810 857 2867 nuntur
911 2802 994 2866 τα
1045 2806 1156 2866 τῶν
1209 2801 1428 2876 νόμων
1473 2800 1889 2890 γράμματα
1933 2799 2031 2864 καὶ
2080 2800 2227 2883 ἔθη,
2280 2823 2401 2885 quo
2450 2802 2630 2886 signi-

620 2920 786 2984 ficari
830 2920 1117 2984 videntur
1159 2921 1206 2984 οἱ
1255 2919 1408 2996 νόμοι
1440 2919 1538 2984 καὶ
1569 2919 1651 2984 τα
1697 2918 1789 2995 ἔθη
1806 2971 1825 2996 ,
1864 2921 2013 3000 leyee
2048 2921 2299 3002 «emptae
2337 2928 2399 2984 et
2427 2943 2627 2985 mores.

621 3061 680 3122 p.
737 3040 864 3102 328
927 3038 1020 3102 D:
1090 3040 1205 3118 οὐχ
1253 3038 1500 3102 ὁπλιτῶν
1560 3037 1817 3114 δεόμενος
1862 3037 1976 3102 οὐδ’
2020 3035 2237 3102 ἵππειον
2263 3088 2278 3102 .
2308 3089 2323 3102 .
2354 3088 2368 3103 .
2398 3089 2413 3106 .
2461 3039 2629 3103 ἄλλα

619 3155 847 3234 λόγων
908 3158 1005 3220 καὶ
1069 3156 1376 3238 πειθοῦς,
1441 3178 1597 3239 quae
1642 3177 1859 3241 parum
1906 3163 2043 3240 apte
2077 3155 2425 3241 junguntur
2439 3184 2457 3235 3
2504 3180 2625 3222 me·

619 3275 740 3338 lius
801 3275 1016 3339 fuerat
1064 3275 1306 3355 διδαχῆς
1367 3273 1466 3338 καὶ
1531 3276 1775 3346 πειθοῦς,
1842 3272 2069 3338 Nostro
2124 3274 2257 3338 loco
2305 3275 2490 3340 etiam
2525 3298 2629 3338 no-

619 3391 906 3470 tandum,
955 3392 1206 3456 verbum
1251 3391 1689 3472 εὐπαρακλητος
1733 3392 1799 3455 in
1828 3390 2084 3455 Platone
2112 3414 2237 3456 non
2267 3391 2407 3478 legi.
2456 3392 2626 3473 Quid

620 3519 822 3576 autem
882 3509 1210 3575 dicendum
1262 3510 1338 3575 de
1399 3510 1512 3574 hac
1574 3517 1911 3604 structura:
1975 3511 2141 3582 ἐλπὶς
2205 3515 2375 3576 πᾶσα
2419 3515 2632 3578 ἀποτε-

617 3631 960 3704 λεσθήσεται
1027 3635 1126 3694 τοῦ
1187 3630 1308 3692 κτὲ.
1371 3651 1481 3713 pro
1542 3650 1665 3712 quo
1726 3634 1887 3692 recte
1948 3627 2293 3714 Stephanus
2354 3630 2441 3693 sic
2504 3630 2626 3714 legi

619 3755 896 3834 oportere
956 3748 1229 3812 monuit:
1287 3748 1454 3820 ἐλπὶς
1515 3751 1690 3812 πᾶσα
1749 3749 2311 3824 ἀποτελεσθήσεσθαι
2366 3749 2432 3813 τὸ
2495 3749 2626 3819 τοὺς

587 3844 592 3849 ⁴
620 3869 828 3938 αὐτοὺς
856 3917 870 3930 .
899 3916 914 3930 .
943 3917 958 3930 .
1006 3865 1302 3943 ξυμβῆναι
1343 3865 1713 3942 γενομένους·
1748 3865 1975 3930 Utrum
2013 3889 2154 3930 vero
2184 3865 2301 3930 hoc
2333 3867 2413 3930 sit
2444 3865 2626 3950 scrip·
2683 3875 2686 3880 '

617 3986 764 4050 toris
805 3985 1029 4049 vitium
1075 4008 1151 4048 an
1194 3985 1454 4063 librarii,
1503 3983 1837 4070 dijudicare
1882 3985 1982 4049 vix
2027 3985 2243 4048 ausim.

711 4103 884 4167 Talia
942 4103 1083 4168 Dio.
1147 4102 1248 4168 Ad
1309 4103 1456 4167 haec
1502 4111 1859 4188 personatus
1913 4103 2089 4166 Plato
2142 4104 2417 4190 reponit,
2473 4125 2629 4187 quae

623 4221 1013 4286 difficultates
1066 4245 1129 4285 se
1175 4221 1249 4286 ab
1297 4221 1511 4286 itinere
1559 4221 1961 4300 deterrerent,
2011 4245 2069 4307 p.
2121 4225 2248 4285 328
2296 4221 2382 4285 B:
2431 4223 2535 4296 τὴν
2580 4223 2627 4286 δ’
