3092 5084
1570 498 1730 557 102·

617 727 934 767 commune
965 705 1149 768 fuisse
1182 703 1394 767 salutis
1420 702 1818 786 principium,
1854 726 2070 789 nempe
2096 702 2262 786 quod
2285 704 2352 767 in
2375 704 2636 767 maximo

612 822 882 906 periculo
943 822 1277 905 Dionysius
1324 827 1385 883 et
1431 819 1810 904 Hipparinus
1858 823 2139 905 (uterque
2184 821 2398 905 maior)
2447 821 2634 884 creati

611 947 813 1003 essent
855 940 1110 1019 τύραννοι
1156 938 1593 1019 αὐτοκράτορες,
1644 962 1903 1023 quorum
1949 962 2062 1024 ope
2111 939 2398 1004 Hellenes
2439 963 2476 1003 a
2504 939 2637 1003 bar-

613 1060 896 1123 barorum
944 1060 1235 1122 servitute
1279 1058 1569 1122 liberatos
1617 1081 1743 1122 esse
1754 1084 1773 1135 ;
1821 1058 1898 1121 ob
1947 1081 2105 1143 quae
2134 1058 2347 1122 merita
2379 1059 2634 1143 gratiam

615 1178 819 1242 deberi
864 1178 1273 1241 servatoribus
1319 1178 1400 1261 (p.
1438 1178 1565 1241 353
1600 1177 1695 1260 B).
1745 1176 1983 1242 Deinde
2013 1185 2389 1263 praesentem
2433 1201 2638 1242 rerum

614 1304 837 1362 statum
900 1297 1085 1360 talem
1147 1320 1275 1361 esse
1330 1295 1514 1373 dicit,
1564 1303 1634 1359 ut
1684 1297 1915 1360 neutris
1963 1297 2235 1381 partibus
2281 1296 2456 1361 facile
2502 1319 2638 1380 spes

616 1418 695 1480 sit
755 1416 1039 1480 vincendi
1099 1416 1505 1493 adversarios,
1561 1416 1748 1479 immo
1809 1415 2203 1480 metuendum
2249 1416 2329 1479 sit
2375 1438 2451 1478 ne
2498 1414 2641 1478 Sici-

514 1527 523 1538 ’
615 1537 694 1599 lia
740 1536 865 1600 fiat·
892 1534 1115 1619 praeda
1159 1533 1493 1619 Opicorum
1542 1542 1603 1598 et
1646 1534 2024 1598 Poenorum:
2075 1557 2262 1618 quare
2308 1556 2460 1618 opus
2503 1556 2633 1597 esse

613 1654 733 1717 tale
780 1653 1037 1717 inveniri
1082 1652 1451 1730 remedium,
1501 1652 1684 1736 quod,
1715 1652 1990 1736 utrisque
2036 1658 2352 1736 acceptum
2395 1659 2455 1715 et
2484 1650 2636 1715 utile

615 1772 694 1834 sit
755 1771 1051 1835 futurum.
1144 1756 1447 1854 Deinceps
1508 1778 1800 1855 tanquam
1864 1769 2117 1848 arbiter,
2178 1771 2467 1845 διαιτητοῦ
2513 1769 2636 1849 τρό·

617 1914 720 1953 που
740 1939 756 1961 ,
807 1890 1171 1952 sententiam
1219 1911 1389 1951 suam
1437 1889 1718 1952 enuntiat
1763 1891 1844 1974 (p.
1895 1891 2024 1952 354
2074 1891 2172 1972 A).

702 2006 1089 2092 Principibus
1138 2007 1354 2071 suadet
1398 2013 1469 2071 ut
1512 2030 1736 2072 nomen
1784 2014 1844 2071 et
1879 2008 2204 2093 imperium
2235 2009 2477 2092 tyranni
2504 2031 2639 2072 mu-

613 2134 747 2190 tent
806 2126 870 2189 in
930 2125 1246 2203 βοισιλείοιν
1308 2134 1369 2190 et
1430 2126 1744 2189 dominum
1803 2126 2182 2190 constituant
2240 2127 2438 2210 legem
2453 2176 2474 2205 ,
2538 2149 2634 2190 ex-

618 2244 888 2331 emplum
956 2252 1275 2333 sequentes
1344 2244 1645 2331 Lycurgi,
1717 2246 1825 2331 qui
1892 2246 2006 2309 hac
2061 2247 2294 2309 ratione
2349 2246 2629 2331 Spartam

617 2371 913 2428 servasset
972 2363 1374 2441 incolumem3
1433 2364 1758 2448 populares
1806 2370 2009 2429 autem
2053 2372 2262 2431 monet
2307 2387 2517 2433 cavere
2561 2385 2665 2428 ne·

616 2483 932 2563 ἐλευθερίοις
976 2482 1284 2565 ἀπληστίᾳ
1325 2482 1602 2548 incidant
1646 2483 1710 2547 in
1755 2485 2083 2563 οὲνοιρχίοον,
2132 2483 2333 2549 edocti
2363 2484 2639 2569 exemplo

619 2600 837 2685 prioris
897 2602 1185 2685 temporis
1203 2650 1221 2677 ,
1291 2622 1482 2685 quum
1530 2602 1720 2668 nimia
1763 2601 2010 2667 libertas
2059 2603 2414 2668 servitutem
2460 2625 2638 2687 pepe-

617 2718 727 2780 rit:
766 2718 1026 2784 &wasta
1090 2719 1208 2798 γὰρ
1252 2718 1351 2783 xx}
1382 2718 1686 2798 ’ἐλευθερία
1732 2720 2190 2799 ὑπερβάλλουσα
2233 2721 2341 2798 μὲν
2387 2702 2636 2801 {noia-epac

616 2837 929 2914 πάγκακον
947 2888 963 2910 ,
1030 2838 1311 2915 ἔμμετρος
1372 2838 1419 2901 δ’
1457 2834 1601 2905 οὖσοο
1661 2839 2003 2916 ποονοέγοιθον
2029 2860 2044 2875 ·
2093 2841 2304 2921 μετρία
2350 2841 2408 2905 δὲ
2453 2844 2486 2916 ἡ
2534 2842 2637 2922 θεῷ

616 2955 841 3038 δουλείᾳ
856 3005 872 3036 ,
944 2954 1191 3035 ἄμετρος
1259 2952 1333 3020 δὲ
1386 2960 1419 3033 ἦ
1485 2964 1603 3029 τοῖς
1669 2958 2011 3037 ἀνθρώποις·
2075 2958 2194 3031 θεὸς
2241 2958 2289 3022 δ’
2334 2960 2636 3040 ἀνθρώποις

616 3077 865 3153 σώφροσι
934 3070 1098 3151 νόμος
1114 3124 1131 3153 ,
1188 3072 1399 3155 ἄφροσι
1445 3074 1504 3139 δὲ
1549 3075 1710 3151 ἡδονή
1730 3126 1744 3141 .
1795 3077 1876 3160 (p.
1927 3078 2056 3140 354
2103 3076 2198 3161 E).

704 3192 819 3256 His
868 3192 1047 3257 dictis
1094 3192 1355 3264 Dionem
1378 3200 1671 3279 tanquam
1703 3217 1735 3266 e
1765 3194 2022 3265 mortuis
2053 3194 2338 3262 reducem
2362 3194 2439 3260 ad
2463 3194 2635 3279 Syra·

616 3333 873 3375 cusanos
918 3312 1269 3395 loquentem
1305 3312 1469 3377 facit.
1526 3312 1864 3395 Postquam
1902 3313 2116 3379 docuit
2139 3313 2338 3398 legem
2363 3321 2632 3398 spectare

616 3436 892 3513 oportere
948 3452 1072 3493 non
1119 3428 1284 3513 quod
1330 3430 1586 3513 volupe,
1634 3429 1740 3498 sed
1786 3430 1951 3515 quod
1997 3438 2232 3504 rectum
2279 3434 2387 3510 sit,
2435 3454 2634 3515 neque

616 3548 693 3612 ad
740 3548 982 3615 divitias
1028 3548 1275 3614 tendere
1292 3598 1310 3625 ‚
1345 3548 1451 3619 sed
1482 3548 1560 3616 ad
1592 3550 1876 3618 virtutem
1892 3600 1910 3627 ‚
1941 3550 2090 3620 dicit
2110 3552 2358 3636 utrique
2383 3552 2632 3616 factioni

614 3667 765 3735 utile
798 3674 857 3730 et
892 3689 1157 3750 aequum
1191 3689 1320 3737 esse
1357 3689 1464 3751 per
1496 3668 1994 3752 compositionem
2017 3669 2200 3734 finem
2227 3668 2373 3733 belli
2395 3670 2590 3739 facere
2609 3721 2628 3748 ‚

616 3793 686 3848 ut
752 3785 985 3850 civibus
1054 3786 1136 3850 sit
1202 3786 1488 3865 ἐλευθερία
1557 3809 1698 3852 cum
1765 3793 2064 3871 potestate
2133 3789 2332 3872 regia,
2381 3789 2628 3873 regibus

616 3909 821 3967 autem
868 3903 947 3967 sit
992 3906 1153 3984 ἀρχὴ
1200 3904 1531 3987 ὑπεύθυνος,
1585 3905 1881 3975 universis
1928 3928 2097 3984 vero,
2143 3912 2269 3969 tam
2297 3907 2427 3990 regi
2451 3929 2634 3990 quam

618 4022 885 4099 civibuS,
949 4022 1045 4085 lex
1103 4022 1374 4107 imperet.
1467 4022 1626 4087 Tum
1672 4046 1842 4108 reges
1888 4024 1962 4090 iis
2010 4025 2393 4097 commendat
2437 4026 2632 4110 primo

615 4140 748 4203 loco
804 4140 997 4205 filium
1046 4163 1261 4218 suum,
1319 4141 1585 4212 secundo
1634 4142 2045 4228 Hipparinum
2091 4144 2308 4227 prioris
2353 4144 2633 4229 Dionysii

614 4258 809 4325 filium
827 4308 844 4335 ,
894 4259 1075 4332 tertio
1118 4259 1483 4345 Dionysium
1528 4261 1856 4340 minorem,
1906 4262 2228 4349 expulsum
2273 4269 2626 4349 tyrannum,
