3092 5084
1377 470 1498 529 125

425 700 559 754 neS,
594 674 1229 753 animadvertendum,
1278 684 1670 760 personatum
1719 674 2036 739 Platonem
2084 676 2148 739 in
2181 676 2294 739 hac
2309 677 2447 760 ‘epi-

424 795 581 859 stola
636 795 833 858 dicere
896 794 1117 871 solere,
1182 795 1259 857 de
1321 817 1443 877 quo
1505 795 1662 858 infra
1731 795 2107 871 accuratim,
2165 819 2228 858 66
2289 795 2445 858 nihil

421 913 613 976 literis
658 912 1006 989 mandasse,
1056 934 1316 996 eumque
1364 914 1438 977 de
1486 914 1749 997 scriptis
1777 914 1904 976 suis
1951 913 2036 977 sic
2085 912 2288 996 loqui,
2319 921 2446 976 tan·

422 1053 607 1114 quam
654 1032 729 1095 de
776 1032 1154 1096 sermonibus
1202 1055 1304 1095 ore
1352 1032 1596 1097 habitis.

509 1149 847 1214 Incidimns
910 1151 1009 1215 hic
1068 1152 1131 1214 in
1196 1150 1505 1215 difficilem
1571 1152 1988 1235 quaestionem
2053 1159 2112 1215 et
2173 1152 2440 1216 multum

419 1267 853 1353 disceptatam‚
903 1269 978 1332 de
1024 1277 1293 1353 tempore
1332 1291 1455 1353 quo
1496 1264 1776 1333 Πολιτεῖαι
1815 1292 1850 1331 6
1879 1268 2137 1332 Platone
2169 1270 2441 1334 confecta

420 1387 519 1449 sit.
612 1387 740 1450 Alii
787 1394 927 1450 ante
972 1386 1408 1472 profectionem
1454 1386 1520 1449 in
1554 1384 1833 1463 Italiam,
1869 1386 1973 1449 alii
2006 1393 2144 1470 post
2173 1388 2439 1451 reditum

420 1526 457 1566 a
502 1505 695 1589 primo
740 1504 958 1567 itinere
990 1505 1066 1567 ad
1098 1504 1461 1589 Dionysium
1495 1505 1784 1567 maiorem
1816 1505 1931 1568 hoc
1963 1528 2118 1589 opus
2145 1506 2438 1590 scriptum

419 1645 546 1685 esse
602 1631 869 1687 censent.
964 1623 1243 1703 Quarum
1290 1624 1647 1707 opinionum
1673 1624 1970 1707 posterior
2025 1625 2076 1687 si
2108 1625 2436 1709 probatur,

420 1743 679 1826 scriptor
738 1750 944 1805 noster
1004 1743 1170 1806 haud
1229 1742 1375 1806 levis
1424 1742 1642 1805 erroris
1683 1742 2084 1806 convincitur.
2155 1744 2274 1807 Sed
2322 1745 2440 1808 ista

421 1863 723 1925 sententia
769 1884 839 1925 eo
886 1862 1144 1926 maxime
1176 1863 1396 1926 nititur
1428 1870 1821 1945 argumentO,
1857 1862 2025 1945 quod
2057 1884 2212 1947 opus
2243 1863 2436 1942 illud,

424 1988 497 2043 ut
542 1989 1029 2044 consummatum
1076 1981 1347 2064 ingenii,
1384 1981 1564 2059 artiS,
1600 1979 1908 2043 doctrinae
1940 1988 2435 2058 monumentum,

420 2098 729 2183 probabile
777 2100 856 2161 sit
904 2100 1199 2184 scriptum
1255 2100 1383 2163 esse
1430 2122 1500 2161 eo
1526 2100 1739 2196 aetatis
1764 2108 2068 2184 tempore,
2103 2122 2224 2183 quo
2257 2100 2434 2164 Plato

417 2214 787 2281 maturitatis
864 2219 1176 2301 fastigium
1230 2218 1550 2301 attigisset.
1623 2219 1818 2301 Atqui
1877 2218 2192 2282 fatendum
2211 2269 2228 2295 ,
2280 2220 2436 2283 nihil

416 2335 655 2399 obstare
718 2336 1043 2419 quominus
1105 2337 1420 2400 Platonem
1441 2386 1459 2413 ,
1524 2337 1630 2419 qui
1695 2336 1769 2399 ab
1833 2336 2240 2400 adolescentia
2297 2340 2438 2401 scri-

414 2455 613 2518 bendo
661 2479 721 2518 se
770 2463 1151 2533 exercuerat,
1202 2464 1340 2519 ante
1390 2455 1924 2539 quadragesimum
1957 2457 2170 2519 aetatis
2205 2480 2434 2519 annum

404 2576 532 2659 jam
580 2574 656 2637 ad
703 2576 899 2651 οὶκμὴν
947 2576 1289 2659 pervenisse
1337 2575 1674 2638 credamUS.

501 2692 697 2755 Priori
744 2714 884 2756 vero
916 2695 1251 2756 sententiae
1291 2694 1550 2757 maxime
1590 2696 2002 2778 propugnavit-
2023 2692 2432 2778 Mor'genster-

411 2812 553 2874 nius
602 2811 700 2893 (de
748 2810 986 2875 Platon.
1035 2811 1183 2896 Rep.
1233 2836 1294 2897 p.
1346 2814 1425 2877 73
1475 2814 1667 2898 sqq.),
1717 2814 1824 2895 qui
1856 2813 1933 2877 ob
1967 2813 2429 2877 similitudinem

413 2953 569 3013 quae
600 2930 922 2994 intercedit
946 2930 1105 2994 inter
1134 2932 1562 3017 Aristophanis
1590 2932 2035 2996 Ecclesiazusas
2070 2940 2130 2996 et
2155 2933 2430 2997 Platonis

412 3048 908 3133 Rempublicam‚
970 3072 1094 3112 non
1156 3049 1440 3113 dubium,
1478 3073 1604 3113 esse
1667 3052 1904 3113 censuit
1941 3053 2115 3135 'quin
2163 3053 2430 3116 comicus

412 3167 525 3230 hac
579 3167 787 3231 fabula
831 3167 1207 3232 Platonicam
1256 3169 1564 3232 civitatem
1612 3168 2003 3232 deridendam
2051 3170 2168 3233 sibi
2213 3194 2430 3255 propo-

415 3286 656 3349 suisset.
718 3285 887 3365 Quas
936 3288 1095 3349 enim
1143 3286 1487 3371 Praxagora
1532 3287 1618 3350 ibi
1664 3287 2023 3353 mulieribus
2070 3289 2187 3351 fert
2231 3289 2458 3372 leges„

415 3404 490 3467 de
536 3404 962 3467 communione
1008 3404 1308 3468 bonorum
1358 3412 1419 3467 et
1464 3427 1759 3481 uxorum,
1809 3404 1884 3467 de
1923 3405 2427 3469 communicanda

412 3546 551 3587 cum
612 3523 757 3586 viris
820 3530 879 3585 et
936 3522 1297 3586 mulieribus
1359 3523 1692 3587 liberorum
1738 3546 1915 3601 cura,
1973 3524 2048 3587 de
2095 3524 2266 3601 aliis,
2317 3525 2426 3587 has

412 3664 553 3705 cnm
612 3640 963 3704 Platonicae
1010 3640 1269 3705 civitatis
1316 3640 1556 3725 legibus
1602 3642 1688 3704 ita
1735 3642 2084 3719 concinere,
2140 3651 2212 3706 ut
2264 3643 2425 3706 idem

413 3761 494 3823 sit
540 3767 965 3845 argumentum
1013 3760 1077 3823 in
1122 3760 1447 3824 ridiculum
1506 3783 1880 3825 conversum.

500 3878 775 3942 Eandem
822 3878 1182 3943 sententiam
1231 3880 1492 3963 amplexi
1539 3886 1686 3943 sunt
1746 3878 2093 3943 Meinekius
2141 3887 2202 3942 et
2244 3879 2427 3963 Berg-

409 3998 585 4076 kius,
635 3998 742 4083 qui
787 3997 1107 4061 Platonem
1153 3999 1355 4082 ipsum
1400 3999 1465 4062 in
1514 3999 1724 4061 eadem
1773 3998 2084 4061 comoedia
2132 4022 2248 4062 vss,
2296 4002 2417 4065 647

410 4125 470 4180 et
526 4120 653 4181 994
714 4113 1091 4196 Ἀριστύλλου
1153 4118 1397 4180 nomine
1460 4118 1660 4181 notari
1721 4116 1970 4193 volunt,
2034 4117 2310 4180 similiter
2355 4125 2424 4180 ut

408 4237 474 4299 in
551 4234 761 4299 fabula
821 4234 1041 4312 Pluto,
1101 4258 1187 4299 vs,
1254 4238 1421 4313 314,
1484 4258 1642 4320 quae
1690 4236 1900 4320 paucis
1950 4236 2125 4299 annis
2173 4244 2312 4299 ante
2359 4237 2422 4299 in
