3092 5084
1310 496 1434 560 23⁷

362 704 624 785 invidia,
672 726 794 789 qua
836 704 997 770 inter
1040 725 1105 768 se
1151 700 1595 767 obtrectassent
1609 749 1628 779 ‚
1677 700 1844 786 apud
1889 700 2275 766 Athenaeum
2323 707 2382 764 et

364 824 517 888 alios
546 823 807 909 legimus
836 820 1003 913 (vid.
1036 819 1271 899 Lumo,
1305 818 1505 894 Lectt.
1538 820 1671 885 Att.
1709 821 1968 884 61-65
1982 844 2003 898 3
2043 818 2378 884 Hermann.

363 940 523 1008 Plat.
572 941 732 1006 Phil.
780 965 843 1028 p.
895 943 1017 1005 102
1066 949 1195 1005 not.
1242 963 1304 1026 p.
1344 942 1523 1025 104),
1572 938 1842 1004 dubitari
1887 945 2092 1004 tamen
2129 939 2380 1024 nequit,

364 1062 527 1126 inter
582 1060 907 1146 plerosque
962 1080 1091 1124 non
1149 1058 1337 1124 fuisse
1394 1080 1680 1143 magnam
1747 1057 2092 1122 animorum
2137 1078 2386 1122 consen·

366 1181 630 1257 sionem,
678 1179 1009 1244 nonnullos
1056 1179 1241 1244 etiam
1286 1179 1409 1243 acri
1455 1178 1596 1242 odio
1642 1200 1708 1242 se
1749 1179 2009 1243 invicem
2051 1179 2384 1243 insectatos

368 1321 516 1365 esse.
607 1297 741 1364 Nec
784 1299 1026 1364 mirum.
1120 1296 1446 1378 Quomodo
1498 1297 1662 1362 enim
1705 1297 1868 1362 inter
1927 1295 2204 1364 homines
2259 1320 2384 1364 non

367 1426 613 1484 tantum
644 1439 865 1502 genere
908 1424 969 1482 et
1000 1416 1176 1482 cultu
1191 1465 1209 1500 ,
1258 1415 1365 1480 sed
1410 1415 1658 1500 ingenio
1672 1463 1691 1494 ,
1737 1414 2040 1494 moribus,
2087 1417 2212 1481 vita
2256 1425 2384 1482 tam

371 1537 695 1602 dissimiles
765 1545 1005 1623 poterat
1070 1530 1200 1601 esse
1284 1536 1628 1601 animorum
1707 1534 2104 1621 conjunctio?
2208 1535 2388 1600 Plato

372 1665 579 1723 autem
622 1663 697 1720 ut
741 1677 977 1741 genere·
1006 1662 1068 1720 et
1126 1654 1286 1722 vitae
1346 1654 1646 1740 dignitate
1660 1703 1680 1733 ‚
1743 1654 1830 1719 sic
1889 1654 2121 1741 ingenii
2181 1653 2386 1720 altitu·

373 1775 515 1840 dine
582 1781 645 1839 et
704 1773 1055 1860 eloquentia
1112 1781 1351 1838 tantum
1412 1794 1624 1839 omnes
1685 1772 2118 1852 antecellebat,
2187 1781 2262 1838 ut
2319 1774 2386 1837 in

373 1894 541 1958 hunc
608 1916 799 1959 unum
869 1891 1136 1958 maxime-
1195 1891 1461 1958 invidiae
1516 1891 1642 1957 tela
1685 1892 2075 1978 conjicerent.
2166 1891 2242 1957 In
2289 1891 2388 1956 his

374 2021 580 2077 autem
618 2011 893 2077 Platonis
928 2012 1437 2078 obtrectatoribus
1484 2012 1808 2099 praecipue
1851 2011 2210 2076 nominandi
2240 2021 2388 2076 sunt

376 2131 729 2216 Aristippus
818 2137 880 2196 et
961 2130 1359 2195 Antisthenes
1378 2179 1396 2207 ,
1468 2152 1732 2215 quorum
1813 2130 1968 2194 alter
2047 2129 2391 2216 voluptaria

376 2249 581 2314 indole
594 2300 612 2326 ,
670 2249 825 2314 alter
866 2249 1103 2335 abjecto
1148 2257 1212 2314 et
1254 2249 1474 2314 humili
1518 2249 1767 2334 ingenio
1809 2256 2054 2314 tantum
2102 2272 2139 2314 a
2181 2249 2388 2314 Plato·

377 2369 475 2433 nis
540 2369 952 2451 καλοκαγαθίᾳ
1018 2367 1285 2433 distabat
1298 2418 1317 2452 ‚
1376 2375 1451 2432 ut
1492 2368 1676 2433 nulla
1710 2367 1886 2434 facile
1930 2369 2091 2433 inter
2135 2389 2236 2434 eos
2284 2390 2392 2454 po-

380 2488 569 2553 tuerit
628 2509 759 2552 esse
818 2487 1155 2553 consensio.
1248 2487 1602 2573 Aristippus
1670 2487 1856 2553 simul
1922 2509 2064 2552 cum
2132 2487 2392 2554 Platone

380 2605 757 2693 Syracusana
812 2606 881 2670 in
940 2604 1083 2670 aula
1139 2611 1411 2671 versatus
1472 2613 1567 2670 est
1580 2653 1599 2684 ,
1648 2612 1712 2670 et
1753 2605 1936 2691 plura
1979 2614 2394 2672 memorantur

383 2724 637 2789 dicteria
678 2723 873 2802 unde,
920 2745 1077 2809 quae
1120 2723 1306 2788 fuerit
1352 2745 1564 2789 eorum
1608 2745 1753 2808 erga
1795 2746 1862 2788 se
1891 2723 2151 2790 invicem
2179 2724 2394 2790 volun-

382 2850 477 2908 t'as
492 2892 513 2921 ‚
560 2849 827 2928 apparet.
858 2843 909 2927 2)
968 2839 1090 2906 Hic
1134 2863 1297 2908 unus
1322 2841 1512 2906 fuisse
1540 2840 1784 2907 videtur
1806 2864 1880 2906 ex
1902 2863 2114 2908 eorum
2138 2863 2394 2908 numero

386 2962 496 3047 qui
560 2959 823 3026 Dionem
897 2968 959 3026 et
1045 2959 1367 3026 Platonem
1430 2968 1692 3046 tyranno
1760 2969 2078 3046 suspectos
2145 2962 2396 3028 reddere

384 3080 587 3146 conati
632 3086 779 3145 sunt
806 3080 885 3146 ob
915 3079 1257 3146 libertatem
1270 3130 1289 3159 ‚
1328 3101 1452 3166 qua
1481 3079 1763 3166 Dionysii
1793 3080 2112 3166 superbiae
2143 3081 2394 3148 obsiste-

386 3207 525 3266 rent
584 3207 646 3264 et
698 3207 1015 3286 corruptas
1078 3198 1253 3264 aulae
1314 3221 1513 3266 mores
1573 3200 1892 3266 emendare
1951 3210 2015 3265 et
2075 3223 2112 3266 a
2155 3200 2400 3266 luxuria

390 3318 467 3384 ad
506 3318 916 3404 frugalitatem
944 3341 1225 3385 revocare
1255 3327 1638 3385 conarentur.
1688 3319 2067 3386 Memoratur
2091 3320 2246 3386 liber
2267 3321 2399 3386 eius

393 3437 517 3517 περὶ
558 3440 827 3511 παλαιᾶς
860 3439 1191 3522 (Πλάτωνος
1211 3438 1261 3524 Ρ)
1284 3447 1507 3523 τρυφῆς
1523 3487 1543 3516 ,
1567 3439 1635 3504 in
1658 3459 1780 3524 quo
1803 3436 2051 3504 Platoni
2080 3439 2397 3505 libidinem

462 3641 512 3702 1)
546 3639 769 3690 Ceterum
803 3639 862 3689 de
894 3639 1112 3691 Platonis
1142 3640 1408 3701 amoribus,
1444 3641 1501 3690 de
1535 3641 1636 3690 eius
1659 3639 1770 3706 gula
1805 3640 2068 3708 ceterisque
2100 3640 2232 3691 vitiis
2263 3641 2401 3708 plura

393 3735 670 3786 fabulantur
701 3734 941 3800 Diogenes
972 3735 1218 3796 Lacr-tius,
1252 3735 1357 3796 111,
1389 3739 1413 3799 §
1445 3736 1509 3786 29
1543 3751 1647 3801 sqq.
1679 3739 1729 3786 et
1763 3736 2036 3787 Athenaeus
2076 3736 2158 3787 lib.
2192 3737 2317 3797 vn,
2354 3755 2403 3804 p.

394 3830 491 3885 276
525 3835 575 3880 et
608 3829 761 3890 xm,
794 3847 842 3896 p.
868 3832 963 3882 58⁰
989 3831 1043 3882 C.
1076 3857 1145 3872 --
1178 3831 1337 3883 Etiam
1371 3831 1712 3883 Dicaearchum
1749 3833 1938 3883 Platoni
1971 3830 2252 3884 libidinosos
2273 3831 2404 3885 sino·

394 3941 470 3978 res
502 3926 834 3992 exprobrasse,
868 3927 1005 3978 testis
1039 3933 1112 3978 est
1143 3927 1345 3988 Cicero,
1377 3928 1569 3979 Tuscul.
1605 3929 1702 3988 lv,
1737 3945 1779 3979 c.
1815 3929 1898 3979 84.

462 4023 514 4084 2)
549 4023 688 4088 Diog.
732 4023 893 4076 Latii-t.
941 4022 1017 4086 11,
1051 4027 1075 4087 §
1106 4023 1199 4085 61,
1235 4024 1328 4086 78,
1363 4024 1453 4083 81,
1490 4025 1582 4084 82;
1617 4025 1721 4084 111,
1753 4028 1778 4088 ς
1811 4025 1890 4076 36.
1954 4025 2086 4076 Plut.
2121 4023 2218 4076 Vit.
2257 4021 2405 4074 Dion.

396 4135 437 4168 c.
473 4119 563 4178 19,
612 4118 887 4184 Aristippus
918 4135 947 4169 a
980 4119 1181 4170 Platone
1214 4121 1493 4186 reprehendi
1528 4121 1718 4170 videtur
1750 4121 1799 4170 in
1835 4121 2088 4171 Phaedone
2122 4125 2192 4185 (p.
2230 4121 2292 4170 59
2328 4121 2407 4181 C.)
2442 4141 2447 4146 ·

300 4287 304 4291 ι
396 4214 525 4280 quod
558 4213 740 4264 Socrati
773 4214 997 4265 morienti
1032 4231 1127 4265 non
1161 4215 1368 4265 adfuerit
1378 4236 1391 4276 3
1430 4231 1525 4280 qno
1559 4221 1742 4281 spectat
1776 4216 1993 4266 Laertius
2023 4217 2148 4277 11‚§
2189 4216 2385 4266 65:12&

400 4331 517 4362 actosa
552 4313 685 4361 αὐτὸν
716 4312 808 4373 (τὸν
840 4308 1150 4382 Ἀρίστιππον)
1184 4316 1258 4364 καὶ
1292 4313 1481 4364 Πλάτων
1512 4317 1558 4362 ὃν
1588 4325 1656 4380 τῷ
1687 4317 1794 4383 περὶ
1829 4319 1988 4380 ψυχῆς.
