3092 5084
1333 521 1418 582 35

371 725 688 802 πειθόμενος
757 726 826 809 ζῇ
891 727 974 791 τοὶ
1033 731 1128 791 νῦν
1187 728 1249 790 οὐ
1311 732 1541 811 καλῶς,
1597 729 1625 792 o‘
1676 727 1736 791 δὲ
1786 727 2109 802 πειθόμενος
2150 725 2380 801 τέθνηκε

365 851 580 918 καλῶς.
644 843 848 925 Quam
895 852 1146 929 argutae
1193 844 1561 923 antitheseS,
1611 867 1795 931 quam
1833 845 2032 930 lepide
2073 845 2383 908 ludit-ter-

363 964 534 1026 nario
579 986 861 1028 numero:
909 963 1129 1044 τρίτους
1151 1001 1242 1012 -
1262 963 1472 1042 τρίτου.
1543 963 1706 1028 Hinc
1756 963 2100 1048 digreditur
2130 963 2207 1026 ad
2238 985 2384 1047 poe-

364 1103 472 1144 nas
535 1103 692 1164 quae
722 1052 728 1059 ⁸
736 1087 876 1166 post
919 1088 1176 1145 mortem
1223 1088 1509 1145 maneant
1550 1103 1650 1144 eos
1698 1080 1805 1164 qui
1850 1080 2105 1146 libidine
2122 1131 2140 1158 ,
2190 1081 2382 1144 avari-

365 1199 489 1277 tia,
537 1199 761 1264 scelere
805 1223 869 1264 se
913 1199 1265 1285 polluerint.
1314 1199 1554 1264 Deinde
1587 1221 1800 1278 rursus
1832 1199 2203 1286 vituperatio
2236 1199 2385 1264 Dio-

367 1319 525 1403 nysii
540 1369 559 1396 ,
606 1318 879 1383 laudatio
923 1319 1176 1384 Dionis:
1222 1319 1651 1404 praedicantur
1683 1319 1869 1383 huius
1902 1319 2210 1404 praeclara
2242 1340 2384 1382 con-

366 1436 540 1514 silia,
589 1436 940 1522 deploratur
985 1437 1185 1503 exitus
1231 1438 1593 1503 miserabilis
1642 1439 1748 1522 qui
1796 1438 2028 1522 optima
2076 1439 2207 1501 eius
2241 1459 2381 1501 oon-

366 1554 503 1618 silia
549 1578 658 1640 pro
703 1555 1138 1641 Syracusarum
1179 1555 1456 1622 libertate
1489 1563 1551 1621 et
1584 1557 1781 1622 salute
1814 1557 2113 1621 everterit.
2148 1555 2380 1620 Verum

364 1674 568 1738 missis
629 1675 725 1738 his
785 1676 1136 1761 questibuS,
1199 1676 1318 1754 ait,
1376 1677 1578 1740 fausta
1624 1675 1874 1760 loquar:
1925 1678 2284 1758 εὐφημῶμεν
2315 1675 2379 1760 (l.

363 1795 613 1874 εὐφημεῖ)
671 1795 799 1879 μὲν)
855 1795 1050 1876 χάριν
1090 1796 1273 1860 οἰωνοῦ
1319 1795 1388 1859 τὸ
1433 1796 1653 1874 τρίτον,
1685 1796 1733 1879 1)
1778 1795 1933 1872 ὅμως
1975 1795 2033 1859 δὲ
2078 1797 2381 1873 μιμεῖσθαι

364 1912 473 1987 μὲν
529 1911 910 1990 ξυμβουλεύω
957 1915 1152 1980 Δι’ωνοι
1199 1915 1331 1992 ὑμῖν
1375 1921 1493 1986 τοῖς
1538 1914 1732 1995 φίλοις
1776 1915 1879 1988 τήν
1927 1939 1993 1978 τε
2030 1921 2137 1992 τῆς
2177 1914 2384 1992 πατρί-

363 2030 452 2101 δος
500 2031 718 2095 εὔνοιοιν
762 2032 858 2096 noc)
905 2033 1008 2104 τὴν
1053 2041 1158 2106 τῆς
1198 2038 1414 2114 τροφῆς
1447 2033 1715 2114 σώφρονα
1745 2033 1971 2098 δίοιιτοιν
1984 2083 2002 2115 ,
2038 2032 2133 2097 ἐπὶ
2167 2031 2383 2112 λῳόνων

364 2148 410 2211 δ’
432 2149 650 2227 ὀρνίθων
679 2151 790 2222 τοὶς
815 2151 1023 2217 ἐκείνου
1045 2151 1348 2228 βουλήσεις
1376 2154 1676 2231 πειρᾶσθαι
1699 2153 2027 2217 ἀποτελεῖν.
2055 2175 2113 2237 p.
2144 2153 2277 2216 336
2304 2150 2376 2219 C.

363 2265 757 2351 Quamquam
801 2268 990 2333 Dioni
1034 2293 1128 2332 res
1174 2270 1329 2334 male
1369 2270 1551 2334 cessit
1566 2320 1585 2348 ,
1617 2270 2016 2334 nihilominus
2046 2269 2377 2334 imitandae

365 2386 499 2449 eius
547 2387 800 2450 virtutes
847 2395 908 2450 et
954 2388 1331 2472 sequendum
1365 2388 1746 2474 exemplum:
1782 2389 2039 2463 ἰσονομία
2069 2388 2378 2452 reddenda

363 2503 642 2584 Siciliae,
706 2505 978 2589 undique
1023 2507 1090 2570 in
1134 2506 1430 2571 auxilium
1476 2508 1705 2572 vocatis
1752 2487 1960 2572 amicis
2007 2514 2067 2571 et
2113 2508 2290 2572 sociis
2339 2529 2373 2571 e

362 2623 574 2688 Sicilia
619 2631 680 2688 et
723 2624 1143 2714 Peloponneso
1158 2675 1176 2704 ,
1224 2649 1335 2690 nec
1381 2649 1506 2691 non
1552 2627 1845 2691 Athenis:
1895 2627 2001 2692 εἶσὶ
2049 2628 2168 2708 γὰρ
2200 2628 2380 2693 κάκεῖ

362 2741 599 2807 πάντων
663 2743 962 2825 ἀνθρώπων
1029 2745 1418 2828 διαφέροντες.
1457 2751 1595 2826 πρὸς
1662 2746 1869 2827 ἀρετὴν
1928 2745 2243 2825 ξενοφόνων
2306 2770 2375 2810 τε

359 2861 569 2940 ἀνδρῶν
627 2867 927 2939 μισοῦντες
987 2862 1238 2940 τόλμαις.
1296 2887 1357 2950 p.
1407 2866 1536 2927 336
1586 2863 1664 2927 D.
1759 2865 1846 2928 At
1890 2886 2031 2927 vero
2088 2864 2198 2948 (ita
2243 2887 2375 2949 per-

361 2979 477 3063 git)
540 2978 786 3064 objiciat
839 2981 1009 3064 quis:
1082 2982 1200 3045 ista
1263 2982 1328 3046 in
1373 2989 1685 3066 posterum
1732 3004 1910 3047 curae
1957 2990 2164 3061 erunt,
2214 3005 2380 3046 nunc

360 3119 505 3160 vero
552 3105 791 3183 tempus
832 3105 1012 3182 urget
1050 3121 1162 3162 nec
1210 3099 1571 3183 quotidiana
1616 3099 1871 3164 discidia
1916 3109 1978 3164 et
2021 3099 2158 3164 lites
2200 3123 2380 3165 cunc-

361 3217 482 3280 tari
526 3239 639 3280 nos
685 3189 914 3282 sinunt.
1009 3217 1107 3281 Ad
1154 3219 1301 3282 haec
1348 3218 1498 3282 audi
1542 3219 1691 3303 quid
1738 3218 2121 3304 respondeat.
2214 3217 2379 3282 Scire

365 3342 641 3420 oportet,
711 3336 945 3400 nullam
1008 3337 1178 3422 prius
1231 3338 1358 3401 fore
1427 3338 1890 3402 contentionum
1950 3338 2130 3401 finem
2194 3360 2376 3422 quam
2431 3389 2435 3393 .

365 3454 623 3518 victores
683 3453 991 3520 moderate
1054 3464 1113 3520 et
1176 3456 1479 3541 sapienter
1540 3480 1604 3522 se
1661 3464 1874 3541 gerant
1935 3462 1995 3519 et
2055 3456 2246 3519 victos
2302 3455 2379 3520 ad

435 3643 484 3705 1)
532 3643 606 3690 En
652 3657 815 3691 rursus
859 3647 914 3695 τὸ
958 3645 1126 3712 τρίτον.
1188 3643 1369 3692 Crebro
1404 3643 1495 3692 hoc
1531 3657 1729 3692 numero
1761 3641 1888 3692 ludit
1922 3646 2112 3700 noster,
2154 3640 2379 3690 nimirum

368 3738 480 3800 quia
529 3738 688 3787 nescio
735 3738 848 3803 quid
898 3739 1054 3786 arcani
1106 3739 1154 3787 in
1206 3739 1296 3788 hoc
1341 3737 1493 3786 inesse
1539 3738 1813 3804 putabatur.
1849 3737 1955 3786 Vid.
1990 3753 2039 3802 p.
2074 3738 2170 3785 334
2206 3736 2270 3784 C:
2305 3743 2385 3797 τὴν

365 3834 504 3890 αὐτὴν
534 3835 790 3900 ξυμβουλὴν
821 3837 896 3884 καὶ
930 3836 1054 3897 λόγον
1086 3837 1160 3884 τὸν
1192 3835 1323 3885 αὐτὸν
1351 3835 1490 3897 λέγων
1519 3834 1607 3892 ἤδη
1639 3836 1794 3902 τρίτον
1825 3835 2001 3901 τρίτοις
2036 3833 2156 3897 ὑμῖν.
2199 3847 2247 3896 p.
2284 3831 2381 3880 340

371 3931 440 3976 A:
475 3932 609 3978 ἐλθὼν
648 3927 761 3978 δὀὗν
791 3933 854 3981 τὸ
885 3950 915 3979 τ
924 3932 1020 3997 pla·
1033 3949 1108 3992 ον,
1135 3939 1203 3994 τῷ
1227 3938 1402 3997 σωτῆρι
1422 3933 1559 3979 τοῦτο
1579 3925 1691 3992 γὀὖν
1716 3930 1901 3997 ἔπραξα
1922 3929 2070 3986 ὄντως.
2109 3927 2215 3975 Vid.
2237 3927 2381 3976 etiam

373 4041 418 4087 p.
455 4024 566 4072 345.
601 4027 643 4072 A
675 4024 732 4073 B.
780 4031 924 4094 Χάριν
955 4029 1102 4076 οἰωνοῦ
1138 4024 1438 4072 referendum
1476 4025 1533 4072 ad
1570 4025 1781 4091 ιῦφημῶ,
1816 4024 1926 4087 quia
1961 4025 2050 4072 hoc
2074 4023 2186 4071 boni
2212 4023 2383 4072 ominis

371 4120 646 4169 habebatur.
707 4119 939 4169 Similiter
973 4121 1097 4184 apud
1131 4120 1382 4168 Platonem
1407 4121 1464 4168 de
1487 4119 1633 4182 Legg.
1658 4119 1767 4178 111,
1793 4118 1892 4171 702
1916 4118 1982 4177 C,
2007 4117 2210 4177 Cliniae,
2236 4133 2382 4182 quum

373 4214 549 4278 aliquid
594 4220 862 4280 opportune
911 4221 1226 4265 memoratum
1275 4220 1426 4274 essct,
1473 4215 1617 4272 dicit,
1663 4231 1710 4263 se
1754 4214 1805 4264 id
1836 4218 1981 4266 οἰωνὸν
2009 4233 2112 4266 τινα
2143 4218 2383 4266 ποιεῖσθαι.

375 4312 561 4362 Menex.
594 4327 641 4374 p.
677 4310 771 4359 249
809 4311 874 4359 B:
917 4316 1066 4362 οἰωνοῦ
1095 4318 1231 4380 χάριν
1265 4315 1495 4380 ἄρχεσθαι
1532 4315 1645 4361 livea
1678 4314 1751 4361 ἕπὶ
1785 4317 1865 4370 τὴν
1896 4318 2120 4379 πατρῴαν
2151 4312 2319 4360 ἑστίαν.

2073 4402 2151 4460 30
