3092 5084
1601 492 1720 553 160

634 701 869 767 πόλεσιν
913 702 1192 773 ἑκάσταις
1238 701 1594 776 κεκτημένοι.
1658 698 1737 764 In
1781 699 1980 764 verbis
2006 708 2258 767 notetur
2278 700 2436 767 illud
2461 702 2658 774 πόλεις

635 821 1073 899 ἐκβεβλημέναι
1103 842 1216 906 pro
1246 819 1573 885 ἀνάστατοι
1599 819 2028 898 γεγενημέναις
2064 821 2230 905 quod
2263 844 2403 886 vero
2427 821 2504 886 ad
2528 843 2656 886 rem

566 920 573 927 ⁰
636 941 859 1005 attinet
872 990 891 1018 ‚
955 939 1105 1005 haec
1169 962 1353 1025 supra
1397 959 1612 1003 verum
1658 946 1839 1003 aucta
1885 945 1976 1003 est
2021 947 2084 1003 01
2127 947 2340 1004 contra
2380 940 2656 1006 Platonis

636 1060 1018 1123 sententiam.
1068 1057 1254 1138 Quod
1294 1058 1444 1123 dicit
1483 1058 1890 1124 Athenienses
1911 1056 2092 1123 LXX
2117 1082 2307 1123 annos
2340 1062 2656 1139 ἡγεμονίαν

633 1178 905 1243 tenuisse
924 1226 943 1256 ‚
1002 1177 1068 1241 in
1114 1178 1229 1242 hoc
1275 1176 1541 1241 rotundo
1582 1199 1836 1245 numero
1867 1199 2016 1241 usus
2050 1185 2142 1241 est
2155 1204 2175 1256 3
2207 1200 2350 1242 nam
2381 1178 2433 1242 si
2465 1200 2656 1242 annos

634 1304 1061 1383 computamus
1124 1319 1161 1359 a
1221 1298 1558 1361 constituta
1618 1296 1980 1381 hegemonia
2031 1319 2146 1381 ope
2191 1296 2483 1361 Aristidis
2531 1296 2656 1381 (01.

640 1417 758 1494 75,
821 1420 900 1495 43
966 1439 1019 1479 a.
1084 1412 1155 1479 G.
1211 1417 1365 1499 477)
1412 1414 1489 1479 ad
1535 1413 1772 1479 cladem
1817 1416 1884 1479 in
1927 1414 2166 1492 Sicilia,
2217 1437 2402 1500 quam
2447 1423 2658 1480 secuta

637 1543 730 1600 est
776 1536 1079 1599 sociorum
1126 1534 1383 1598 defectio
1431 1532 1557 1618 (Ol.
1609 1536 1722 1612 92,
1776 1537 1841 1611 13
1883 1555 1935 1598 a.
1972 1532 2040 1598 O.
2085 1536 2269 1617 412),
2313 1556 2383 1598 ea
2413 1532 2659 1598 duravit

634 1660 878 1719 1811111111
925 1652 1103 1717 LXV
1149 1675 1360 1718 annos,
1436 1651 1559 1716 Sed
1609 1652 1726 1715 hoc
1772 1661 1844 1716 ut
1891 1651 2292 1716 concedamus
2308 1702 2327 1731 ,
2375 1652 2655 1738 ineptum

636 1780 729 1835 est
776 1770 943 1855 quod
989 1770 1139 1834 dicit
1184 1770 1591 1835 Athenienses
1627 1770 1955 1863 imperium
2007 1778 2242 1833 tutatos
2284 1793 2414 1834 esse
2443 1770 2654 1851 ἄνδρας

634 1892 843 1969 Φίλους
875 1892 932 1955 ἐν
962 1897 1097 1959 ταῖς
1128 1889 1331 1956 πόλεσι
1364 1890 1644 1961 ἑκάσταις
1675 1889 2073 1979 κεκτημένους.
2131 1888 2442 1953 Nimirum
2473 1890 2653 1970 φιλία

634 2010 753 2074 ista
797 2012 863 2073 in
909 2032 980 2073 00
1028 2009 1388 2074 cernebatur
1433 2009 1600 2092 quod
1645 2008 2045 2094 popularibus
2086 2016 2298 2073 contra
2327 2008 2652 2093 optimates

634 2129 950 2206 favebant,
998 2127 1185 2213 idque
1229 2152 1355 2193 non
1401 2128 1594 2213 magis
1643 2128 1836 2213 gratia
1869 2150 2052 2211 quam
2081 2129 2142 2191 vi
2175 2135 2235 2191 et
2267 2128 2467 2192 armiS.
2518 2127 2655 2191 Pla-

634 2248 797 2312 tonis
844 2255 1047 2312 autem
1071 2246 1537 2333 judici0,.quod
1560 2247 1789 2331 legitur
1809 2247 1874 2309 in
1900 2246 2142 2330 dialogo
2172 2246 2433 2330 Gorgia,
2467 2247 2657 2310 Athe-

633 2388 853 2431 narum
900 2366 1110 2430 civitas
1128 2416 1145 2443 ‚
1196 2366 1457 2429 ducibus
1502 2364 1938 2441 Themistocle,
1988 2363 2240 2428 Cimone
2282 2372 2344 2427 et
2377 2364 2612 2428 Pericle
2629 2413 2650 2440 ,

632 2508 1021 2571 nequaquam
1067 2486 1199 2549 aliis
1263 2484 1539 2570 exemplo
1587 2485 1847 2569 proponi
1892 2495 2131 2569 poterat
2145 2511 2163 2561 3
2215 2490 2396 2567 atque
2439 2484 2507 2547 in
2539 2482 2655 2546 hoc

632 2606 767 2692 ipso
812 2605 947 2668 1000
994 2603 1092 2689 (de
1138 2602 1329 2689 Legg.
1381 2627 1441 2689 p.
1495 2606 1618 2669 701
1670 2605 1757 2681 A,
1805 2603 1880 2688 B)
1928 2602 2104 2667 dicit:
2154 2602 2283 2667 ἀντὶ
2325 2604 2656 2683 ἀριστοκρα-

632 2724 766 2796 τίας
826 2724 884 2787 ἐν
945 2725 1098 2803 αὐτῇ
1160 2723 1572 2802 θεατροκρατία
1618 2745 1708 2792 τις
1755 2722 1968 2802 πονηρὰ
2012 2723 2252 2797 γέγονεν
2270 2771 2288 2795 ,
2337 2742 2521 2804 quam
2569 2742 2655 2783 se-

633 2848 778 2905 cuta
824 2848 915 2904 est
961 2841 1294 2919 παρανομία
1341 2846 1402 2902 01
1446 2839 1872 2919 ἀναισχυντία,
1921 2840 2014 2903 δια
2059 2840 2126 2914 δή
2164 2862 2310 2910 τινος
2335 2838 2653 2919 ἐλευθερίας

632 2962 767 3027 λίαν
812 2960 1389 3039 οὶποτετολμημένης.
1420 2961 1467 3044 l)

721 3196 921 3263 Venio
966 3196 1044 3261 ad
1088 3196 1429 3282 Epistolam
1472 3194 1666 3273 VIII,
1723 3218 1782 3280 p.
1833 3196 1962 3258 354
1992 3194 2078 3273 B,
2127 3194 2234 3259 ubi
2265 3194 2340 3258 de
2370 3193 2653 3278 Lycurgo

633 3316 783 3380 haec
840 3316 1167 3401 leguntur:
1228 3316 1419 3387 δείσας
1479 3314 1606 3394 περὶ
1667 3322 1773 3386 τῆς
1833 3314 2012 3378 αὑτοῦ
2073 3312 2294 3385 πόλεως
2355 3337 2491 3389 αμα
2555 3336 2651 3376 και

633 3436 867 3511 γένους,
928 3434 1243 3514 φαραακον
1302 3434 1589 3509 ἐπήνεγκε
1643 3434 1749 3507 τὴν
1809 3438 1921 3497 τῶν
1981 3432 2258 3511 γερόντων
2301 3432 2490 3512 αρχὴν
2534 3428 2651 3494 καὶ

631 3553 747 3617 τὸν
806 3558 938 3617 τῶν
998 3553 1265 3632 ἐφόρων
1310 3552 1575 3628 δεσμὸν
1619 3560 1726 3626 τῆς
1769 3551 2084 3627 βασιλικῆς
2129 3551 2321 3629 ἀρχῆς
2367 3548 2648 3629 σωτήριον.

632 3670 905 3754 Scriptor
950 3652 1032 3734 ’111
1091 3669 1187 3732 his
1235 3676 1480 3733 secutus
1528 3676 1618 3735 est
1664 3665 1984 3732 Platonem
2032 3667 2108 3731 de
2150 3666 2343 3751 Legg.
2400 3662 2539 3744 ΙΠ,
2586 3688 2647 3750 p.

636 3790 761 3852 691
810 3786 898 3865 Ε,
948 3787 1052 3851 sed
1098 3789 1216 3867 ita,
1269 3795 1339 3852 ut
1384 3788 1459 3853 ab
1507 3788 1639 3873 ejus
1686 3794 1890 3851 mente
1922 3793 1983 3850 et
2015 3785 2316 3850 sententia
2346 3783 2651 3848 aberrasse

631 3906 928 3970 videatur.
991 3906 1266 3971 Platonis
1311 3906 1496 3971 verba
1531 3906 1681 3969 haec
1725 3912 1902 3969 sunt:
1944 3905 2063 3977 θεὸς
2081 3957 2100 3981 ,
2125 3901 2285 3980 οἶμαι
2304 3955 2322 3980 ,
2349 3904 2651 3981 κηδόμενος

633 4026 789 4101 ὑμῶν
842 4049 930 4097 τις
956 4076 971 4091 .
1000 4075 1014 4088 .
1044 4077 1059 4092 .
1106 4026 1333 4104 δίδυμον
1380 4026 1513 4102 ὑμῖν
1559 4024 1866 4108 φυτεύσας
1909 4026 2013 4099 τὴν
2056 4028 2167 4089 τῶν
2212 4022 2503 4100 βασιλέων
2549 4020 2650 4097 γέ-

700 4300 745 4361 1)
780 4300 857 4352 Cf.
892 4300 950 4351 dc
983 4301 1131 4359 Geor,
1163 4298 1381 4348 Diatribc
1414 4299 1463 4348 in
1502 4299 1644 4351 Polit.
1679 4299 1868 4349 Platon.
1904 4297 2082 4363 princ..
2126 4314 2173 4363 p.
2209 4297 2270 4345 35
2305 4310 2412 4360 sqq.
