3092 5084
1372 469 1454 532 47

395 677 502 736 νῦν
545 673 867 751 γεγονότων
911 673 1285 754 πραγμάτων
1333 673 1460 754 περὶ
1509 675 1723 739 Δίωνα.
1771 698 1832 760 p.
1868 677 1994 739 339
2030 673 2117 738 G:
2154 675 2307 742 οὐδέν
2340 699 2424 741 σοι

395 797 515 855 τῶν
577 791 704 872 περὶ
771 793 966 858 Δίωνα
1010 791 1122 868 ἕξει
1169 793 1540 873 πραγμάτων
1568 843 1582 858 .
1611 843 1625 857 .
1655 843 1669 857 .
1699 843 1713 857 .
1762 794 1925 860 κατα
1971 799 2095 860 νοῦν
2139 793 2422 872 γιγνόμε·

395 933 509 976 νον.
559 934 620 996 p.
656 913 784 975 340
833 913 926 976 A:
975 912 1146 978 ἔδωκε
1189 936 1246 977 τι
1291 913 1457 993 μέρος
1505 913 1656 978 αἰδοῖ
1694 920 1802 997 τῶν
1833 913 1958 994 περὶ
1998 915 2103 990 ἐμὲ
2135 911 2421 993 πραγμά-

395 1053 534 1093 των.
585 1037 647 1093 et
691 1031 877 1116 paulo
925 1038 1066 1116 post
1109 1031 1194 1094 B:
1243 1031 1518 1096 δεικνύναι
1566 1031 1631 1108 δὴ
1678 1032 1767 1096 δεῖ
1804 1039 1923 1104 τοῖς
1962 1033 2256 1114 τοιούτοις,
2307 1031 2339 1096 ὅ
2364 1056 2422 1096 τι

394 1147 527 1213 ἔστι
572 1153 694 1222 πᾶν
748 1150 814 1214 τὸ
871 1154 1134 1232 πρᾶγμα
1194 1147 1301 1216 οἷόν
1359 1175 1427 1215 τε
1473 1151 1572 1215 καὶ
1618 1151 1685 1214 δι’
1728 1147 1868 1215 ὅσων
1906 1151 2280 1232 πραγμάτων
2318 1149 2417 1214 καὶ

394 1265 528 1331 ὅσον
596 1267 760 1334 πόνον
821 1269 947 1350 ἔχει
965 1319 984 1347 ,
1048 1269 1158 1334 ubi
1213 1269 1283 1334 δι’
1325 1269 1465 1334 ὅσων
1518 1270 1893 1350 πραγμάτων
1948 1275 2009 1333 et
2076 1267 2201 1334 ὅσον
2254 1269 2419 1334 πόνον

395 1381 532 1464 ἔχει
577 1409 744 1450 mera
788 1393 880 1450 est
925 1387 1282 1472 tautologia.
2279 1375 2285 1383 ⁵

491 1503 731 1569 Deinde
775 1506 1146 1570 mentionem
1191 1507 1337 1570 facit
1379 1529 1583 1570 rerum
1626 1507 2122 1570 commutationis
2156 1506 2417 1570 Athenis

391 1621 596 1685 factae
611 1671 630 1700 ,
680 1624 1032 1688 constitutis
1087 1625 1341 1709 triginta
1396 1625 1705 1710 tyrannis3
1776 1625 1843 1688 in
1889 1624 2114 1708 quibus
2162 1645 2417 1688 comme-

391 1741 708 1805 morandis
770 1765 924 1826 quae
971 1743 1046 1808 de
1092 1744 1352 1808 civitatis
1401 1750 1566 1807 statu
1624 1751 1833 1807 narrat
1888 1741 2186 1836 eiusmodi
2233 1750 2380 1807 sunt
2394 1793 2413 1820 ,

393 1867 471 1922 ut
518 1860 762 1932 dubites
807 1884 958 1926 num
1004 1864 1260 1947 scriptor
1307 1887 1376 1927 ea
1395 1886 1398 1892 ·
1420 1863 1607 1948 probe
1652 1863 1897 1947 cognita
1945 1862 2249 1926 habuerit.
2320 1862 2416 1926 De

393 1999 523 2063 quo
569 1980 746 2044 infra.
837 1980 997 2044 Tum
1043 1990 1248 2046 autem
1293 1981 1369 2045 de
1417 2005 1480 2045 se
1525 1983 1614 2046 ita
1658 1983 1890 2066 pergit:

488 2100 704 2164 τούτων
764 2100 830 2176 δή
861 2125 1008 2172 τινες
1068 2101 1254 2166 οἰκεῖοί
1311 2127 1380 2166 τε
1423 2100 1579 2174 ὄντες
1623 2101 1722 2165 καὶ
1770 2101 2035 2181 γνώριμοι
2082 2101 2415 2181 ἐτύγχανον

397 2215 526 2292 ἐμοὶ
544 2266 562 2299 ,
596 2217 695 2281 καὶ
743 2217 809 2292 δὴ
855 2219 953 2282 καὶ
1001 2219 1360 2297 παρεκάλουν
1404 2219 1564 2291 εὐθύς
1609 2221 1681 2290 ὠς
1728 2218 1822 2282 ἐπὶ
1870 2218 2225 2297 προσήκοντα
2271 2219 2415 2299 πρά·

395 2358 623 2412 γματα
660 2334 756 2412 μέ.
851 2337 962 2402 Καὶ
1011 2337 1126 2412 ἐγὼ
1164 2337 1500 2414 θαυμαστὸν
1544 2335 1695 2400 οὐδὲν
1741 2335 1949 2406 ἔπαθον
1983 2336 2090 2400 ὑπὸ
2120 2335 2408 2417 νεότητος,

395 2452 577 2533 ᾠήθην
633 2454 752 2532 γάρ
806 2456 1014 2526 αὐτοὺς
1068 2455 1132 2520 ἔκ
1183 2478 1329 2526 τινος
1381 2455 1576 2519 άδίκου
1623 2453 1753 2530 βίον
1798 2453 1895 2518 ἐπὶ
1946 2454 2155 2518 δίκαιον
2209 2453 2411 2533 τρόπον

393 2569 662 2649 ἄγοντας
707 2574 997 2650 διοικήσειν
1041 2575 1106 2649 δὴ
1150 2577 1254 2650 τὴν
1299 2572 1465 2639 πόλιν
1481 2625 1498 2656 ,
1545 2572 1693 2639 ὥστε
1738 2577 1933 2646 αὐτοῖς
1979 2571 2202 2656 σφόδρα
2247 2595 2413 2654 προσ-

392 2699 558 2772 εῖχον
602 2691 698 2757 τὸν
743 2699 865 2758 νοῦν
909 2694 970 2758 τί
1013 2691 1293 2773 πράξοιεν.

486 2808 606 2872 Pro
653 2813 726 2882 ὡς
771 2809 867 2876 ἐπὶ
912 2813 1268 2893 προσήκοντα
1313 2811 1655 2892 πράγματα
1698 2812 1775 2889 μέ
1822 2812 2019 2875 dicere
2058 2810 2300 2889 debuit,
2342 2811 2409 2874 id

393 2928 564 3011 quod
608 2929 837 3008 voluit,
886 2930 1247 3012 παρεκάλουν
1293 2933 1396 3009 ἐμὲ
1441 2934 1514 3003 ὡς
1561 2933 1909 3012 προςήκοντα
1952 2931 2047 2995 ἐπὶ
2094 2933 2176 2996 τά
2217 2930 2409 3009 πράγ-

394 3071 591 3136 ματα.
693 3047 1010 3114 Platonem
1080 3051 1240 3116 enim
1319 3051 1395 3115 ad
1471 3051 1717 3136 publiea
1798 3051 2045 3135 negotia
2109 3049 2409 3114 vocabant

395 3166 721 3251 optimates
767 3169 1095 3254 propinqui
1140 3176 1214 3233 ut
1257 3170 1670 3256 propinquum
1710 3172 1803 3255 (ὥς
1836 3171 2232 3250 προσήκοντα),
2281 3190 2406 3232 non

395 3290 470 3348 ut
514 3285 700 3348 talem
743 3287 843 3350 eui
895 3287 1140 3371 negotia
1190 3287 1299 3352 illa
1349 3289 1607 3354 maxime
1652 3289 2062 3353 convenirent.
2156 3285 2232 3350 In
2278 3308 2406 3349 ver-

393 3403 490 3466 bis
552 3404 616 3469 ἔκ
669 3430 814 3478 τινος
865 3407 1061 3472 άδίκου
1111 3407 1243 3484 βίον
1289 3409 1426 3491 quis
1471 3431 1596 3473 non
1643 3408 1830 3472 sentit
1874 3408 2078 3492 inepte
2126 3405 2403 3469 additum

392 3520 553 3584 illud
597 3522 786 3594 τινοςΡ
830 3521 1158 3607 Eleganter
1203 3546 1378 3608 saepe
1425 3524 1673 3588 additur
1717 3547 1857 3588 eum
1904 3523 1963 3588 vi
2008 3521 2402 3599 intendendi,

394 3640 622 3705 talibus
685 3642 973 3706 nimirum
1034 3643 1345 3707 vocabulis
1408 3665 1670 3727 quorum
1732 3643 1961 3728 speeies
2022 3635 2117 3706 vel
2178 3641 2403 3726 gradus

396 3758 587 3842 aliqui
635 3781 762 3822 esse
807 3766 1096 3844 possunt,
1145 3769 1217 3824 ut
1260 3759 1575 3841 άμήχανός
1620 3785 1735 3834 τις,
1771 3759 2005 3843 φαῦλός
2033 3785 2149 3840 τις,
2184 3759 2403 3829 ἄτοπός

393 3900 515 3955 τις;
585 3884 843 3962 possunt
910 3879 1072 3942 enim
1141 3901 1270 3943 esse
1331 3879 1536 3964 plures
1598 3879 1849 3951 άτοπίας
1912 3887 1972 3943 et
2030 3878 2401 3959 φαυλότητος

394 3994 618 4059 formae
681 4003 742 4059 et
799 3995 1022 4080 gradus
1038 4023 1056 4074 3
1121 3996 1227 4060 sed
1281 4019 1472 4080 quum
1524 3997 1744 4082 loquor
1797 3996 1873 4060 de
1907 3999 2074 4082 justo
2092 4047 2106 4075 ‚
2150 3997 2397 4078 im'mw,

395 4114 620 4178 honesto
637 4163 655 4190 ,
703 4113 994 4180 inhonesto
1010 4164 1029 4193 ,
1076 4114 1224 4178 haee
1271 4115 1574 4179 eiusmodi
1619 4114 2101 4179 additamentum
2149 4135 2275 4176 non
2320 4113 2402 4176 fa-

395 4231 506 4294 cile
574 4231 927 4297 admittunt.
1033 4232 1260 4297 Verum
1330 4233 1486 4296 illud
1556 4259 1643 4305 τις
1714 4243 1807 4298 est
1877 4256 1998 4297 una
2066 4256 2097 4296 e
2166 4231 2399 4296 voculis
