3092 5084
1370 518 1483 579 145

410 748 541 791 non
585 734 710 792 tam
731 781 735 785 .
756 725 1098 812 ignorantia
1143 724 1238 788 vel
1283 724 1533 787 incuria
1571 746 1750 807 quam
1798 723 1939 787 odio
1974 731 2033 788 et
2063 724 2261 809 gratia
2291 724 2436 789 duc·

414 855 534 910 1115.
626 845 783 910 Το13
844 844 1005 909 0111111
1062 843 1317 929 epistola
1374 844 1580 927 aperte
1625 842 1852 928 scripta
1912 853 2003 907 est
2065 842 2141 907 ad
2203 844 2439 927 vitupe-

414 966 675 1030 randum
731 964 1096 1050 Dionysium
1111 1013 1131 1042 ,
1179 962 1555 1027 laudandum
1605 960 1867 1027 Dionem
1883 1013 1903 1041 ,
1951 964 2212 1027 maxime
2257 984 2399 1026 vero
2415 938 2456 1040 ,U

416 1084 493 1147 ad
540 1084 955 1149 extollendum
1001 1082 1339 1146 Platonem.

509 1202 694 1283 Quod
741 1203 820 1287 ad
862 1202 1232 1287 Dionysium
1278 1200 1496 1264 attinet
1513 1248 1532 1277 ,
1582 1201 1695 1263 etsi
1741 1200 1917 1264 facile
1963 1199 2265 1266 credimus
2298 1222 2438 1266 eum

417 1323 705 1387 maluisse
762 1321 1011 1386 doctum
1065 1320 1257 1383 videri
1303 1341 1487 1403 quam
1535 1340 1698 1396 esse,
1747 1326 1950 1382 tamen
1995 1340 2195 1403 neque
2239 1320 2437 1399 ἀφυὴς

414 1442 567 1519 fuit,
614 1450 688 1505 ut
733 1441 866 1525 ipsa
914 1438 1171 1523 epistola
1224 1438 1485 1515 fatetur,
1536 1455 1648 1501 nec
1696 1444 1822 1500 tam
1868 1437 2220 1509 οὶποιίδευτος
2254 1459 2436 1521 quam

416 1560 593 1623 Plato
640 1582 780 1624 eum
827 1559 1012 1623 fuisse
1063 1556 1270 1621 scribit
1286 1584 1304 1635 3
1354 1558 1532 1621 cuius
1566 1558 1654 1620 rei
1686 1563 2043 1641 argumento
2077 1578 2205 1621 esse
2235 1563 2440 1641 potest

416 1678 795 1743 consuetudo
846 1685 1013 1762 'quae
1082 1677 1137 1741 ei
1183 1699 1319 1739 cum
1369 1675 1700 1753 Helicone,
1759 1676 2106 1760 Aristippo,
2169 1675 2438 1759 Archyta

419 1798 675 1882 aliisque
713 1796 1112 1881 Pythagoreis
1152 1796 1302 1872 fuit3
1338 1806 1521 1878 atque
1555 1795 1605 1857 si
1635 1795 1799 1878 ipse,
1835 1802 1906 1857 ut
1937 1794 2194 1879 epistola
2217 1816 2438 1859 memo·
2524 1812 2528 1816 ’

416 1927 547 1996 rat,
594 1917 819 1981 librum
866 1915 941 1979 de
988 1898 1375 2001 philosophia
1422 1914 1698 1999 scripsit,
1747 1914 1810 1977 id
1859 1936 2002 1977 saue
2046 1903 2265 2000 probat
2297 1936 2436 1979 eum

416 2058 539 2101 11011
586 2038 685 2099 ita
735 2036 951 2101 leviter
994 2058 1122 2100 rem
1170 2034 1458 2119 attigisse.
1526 2028 1775 2117 'Neque
1822 2053 1962 2097 vero
2010 2032 2333 2110 credibile,
2385 2032 2437 2096 si

416 2153 745 2239 Dionysius
808 2162 932 2217 tam
992 2153 1223 2239 alienus
1286 2154 1498 2217 fuisset
1563 2176 1600 2215 a
1641 2152 2064 2238 philosophia,
2114 2114 2435 2236 Platonem

415 2284 522 2337 aut
598 2275 819 2337 iterum
890 2272 1213 2357 Syracusas
1284 2273 1624 2357 profectum
1694 2278 1800 2335 aut
1861 2278 1986 2335 tam
2025 2271 2132 2335 diu
2191 2272 2256 2333 in
2303 2272 2433 2333 eius

416 2392 558 2457 aula
603 2398 1040 2456 commoratum
1079 2391 1304 2468 fuisse3
1352 2390 1520 2474 quod
1568 2397 1810 2474 tempus
1859 2411 1984 2453 non
2031 2411 2208 2452 omne
2254 2387 2434 2471 nugis

416 2518 477 2575 et
515 2511 735 2596 jurgiis
783 2518 1157 2575 transactum
1178 2560 1194 2589 ,
1245 2510 1350 2573 sed
1397 2510 1619 2595 partim
1667 2515 1828 2573 certe
1875 2508 2317 2572 mathematicis
2373 2516 2433 2571 et

415 2630 677 2715 politicis
723 2629 904 2695 rebus
950 2608 1327 2714 impertitum
1372 2628 1561 2691 fuisse
1607 2629 1737 2714 ipsa
1785 2626 2042 2711 epistola
2088 2625 2322 2691 indicat
2376 2635 2436 2689 et

416 2750 638 2813 diserte
685 2749 985 2813 affirmant
1032 2747 1323 2812 historici.
1421 2746 1565 2809 Vid.
1621 2746 1736 2831 Ep.
1785 2744 1948 2823 VII,
1999 2746 2126 2808 332
2175 2744 2248 2809 E.
2297 2744 2432 2823 ΠΙ,

415 2890 474 2951 p.
525 2870 651 2931 319
702 2866 755 2931 Β
802 2866 881 2947 O,
934 2875 994 2931 et
1041 2870 1169 2931 316
1220 2868 1294 2931 A.
1343 2866 1654 2930 Plutarch.
1705 2865 1888 2929 Dion.
1941 2888 1990 2929 c.
2045 2868 2144 2929 13.

506 2987 690 3066 Quod
746 2995 950 3053 autem
1004 2987 1083 3051 ad
1126 2987 1263 3078 lites
1310 2987 1679 3072 Dionysium
1725 2986 1884 3049 inter
1931 2994 1995 3049 et
2039 2983 2304 3048 Dionem
2351 2990 2437 3047 at-
2505 3062 2515 3075 ·

414 3107 602 3185 111101,
654 3107 915 3191 epistola
964 3130 1203 3172 omnem
1237 3107 1481 3192 culpam
1513 3107 1579 3171 in
1610 3114 1940 3191 tyrannum
1971 3104 2236 3182 confert,
2271 3103 2436 3187 quod

414 3232 567 3290 esset
624 3226 959 3290 invidiosus
977 3276 996 3304 ,
1060 3228 1344 3311 suspicax
1361 3276 1380 3305 ,
1430 3226 1941 3291 calumniatorum
1988 3223 2250 3287 susurris
2297 3222 2439 3286 faci-

412 3344 503 3409 les
550 3368 723 3410 aures
772 3345 1087 3430 praebens·
1136 3348 1409 3431 Apparet
1452 3352 1655 3409 tamen
1689 3343 1927 3421 ambOS,
1954 3344 2082 3428 jam
2114 3348 2436 3425 antequam

413 3470 694 3527 mortuus
757 3471 848 3527 est
902 3464 1241 3557 ‘Dionysius
1310 3471 1514 3547 pater,
1586 3463 1662 3526 de
1731 3462 2110 3547 principatu‘
2145 3454 2306 3523 inter
2375 3482 2436 3521 se

412 3581 831 3661 contendisse,
910 3592 971 3646 et
1032 3582 1307 3665 quamvis
1366 3580 1487 3645 Dio
1534 3581 1842 3667 praeclara
1888 3580 2076 3643 fuerit
2119 3577 2328 3642 indole
2375 3585 2438 3641 et

414 3701 648 3785 magnis
706 3697 936 3784 ingenii
998 3700 1307 3784 animique
1366 3699 1694 3764 virtutibus
1741 3697 2055 3783 praeditus
2073 3746 2090 3774 ,
2141 3695 2302 3759 idem
2351 3702 2438 3759 ta·

414 3840 554 3881 men
615 3824 743 3882 erat
802 3819 1047 3882 honoris
1109 3818 1371 3903 cupidus
1426 3824 1485 3882 et
1530 3818 1608 3881 ad
1655 3816 2078 3903 imperandum
2126 3838 2311 3899 quam
2358 3814 2437 3878 ad

413 3938 747 4023 parendum
793 3938 1137 4022 proclivior.
1210 3937 1506 4023 Superbia
1555 3938 1684 4001 eius
1731 3942 1793 3999 et
1839 3935 2116 4001 αὐθαδείοι
2161 3934 2438 4017 tangitur

412 4056 478 4119 in
522 4055 799 4141 Epistola
842 4054 937 4118 IV
986 4056 1100 4120 sub
1147 4057 1364 4120 finem:
1423 4058 1660 4132 ἐνθυμοῦ
1708 4054 1766 4117 δὲ
1813 4054 1911 4118 καὶ
1959 4050 2044 4118 ὅτι
2077 4052 2255 4123 δοκεῖς
2287 4050 2433 4116 τισὶν

415 4173 770 4255 ἐνδεεστέρως
845 4180 945 4240 τοῦ
1014 4176 1385 4254 προσήκοντος
1452 4172 1858 4255 θεραπευτικὸς
1926 4168 2067 4235 εἶναι
2089 4191 2104 4207 ·
2189 4171 2274 4247 μὴ
2341 4166 2432 4234 οὖν

415 4293 741 4358 λανθανέτω
810 4318 909 4370 σε,
1000 4292 1084 4357 ὅτι
1156 4294 1249 4358 διὰ
1309 4298 1409 4358 τοῦ
1470 4292 1725 4370 ἀρέσκειν
1791 4293 1908 4361 τοῒς
1978 4288 2280 4368 ἀνθρώπως
2334 4288 2432 4352 καὶ

2119 4408 2196 4464 10
