3092 5084
1589 481 1721 566 232,

638 691 917 768 μεγέθους
992 695 1099 763 τῆς
1157 695 1263 761 σῆς
1323 687 1516 767 ἀρχῆς
1546 738 1561 752 .
1590 735 1605 750 .
1636 736 1652 753 .
1691 691 1889 750 τοῦτον
1945 685 2280 765 προδοῦναι,
2343 685 2410 748 σὲ
2467 683 2526 749 δὲ
2568 684 2663 748 τὸν

639 806 918 874 ἀδικοῦνθ’
1008 803 1237 870 ἕλἐσθοοι
1321 804 1421 870 καὶ
1492 807 1617 868 πᾶν
1684 803 1823 884 δρᾶν
1891 803 2004 884 ὃτι-ᾔ
2045 841 2058 854 ·
2087 805 2162 870 σὺ
2237 802 2623 884 προσέταττες
2641 853 2659 878 ,

642 925 810 993 ἕνεκα
866 924 1193 1006 χρημάτων
1248 925 1421 1000 δῆλον
1483 921 1569 988 ὅτι
1589 945 1604 962 ·
1674 923 1855 989 οὐδὲν*
1888 923 2008 1003 γὰρ
2067 920 2142 988 ἂν
2199 918 2384 1002 ἕτερον
2450 921 2666 1004 ἔφησεν

642 1045 824 1112 αἴτιόν
851 1069 941 1118 τις
973 1039 1115 1110 εἶναι
1145 1052 1253 1118 τῆς
1283 1044 1430 1121 ε’μῆς
1460 1041 1807 1120 μεταβολῆς
1851 1040 1949 1124 (cf.
1997 1039 2115 1125 Ep.
2161 1038 2264 1118 ΙΙ,
2299 1063 2361 1126 p.
2395 1042 2522 1104 312
2558 1038 2662 1123 O):

642 1163 753 1229 ubi
796 1162 955 1228 illud
1012 1160 1196 1241 ἔφησέ
1240 1184 1331 1234 τις
1376 1158 1449 1226 ἂν
1496 1159 1574 1224 ad
1622 1159 2014 1245 pervulgatos
2057 1180 2332 1224 rumores
2369 1159 2666 1245 respicere

645 1305 773 1348 non
820 1269 1147 1348 obscurum
1194 1285 1305 1345 est.

731 1400 851 1465 His
894 1406 1101 1464 autem
1147 1396 1495 1462 rumoribus
1542 1395 1830 1483 Epistola
1873 1417 2074 1461 veram
2121 1394 2378 1481 opponit
2423 1417 2667 1460 causam

642 1542 752 1586 cur
804 1519 985 1583 Plato
1030 1517 1301 1582 Siciliam
1347 1515 1570 1580 adierit
1585 1564 1604 1594 ‚
1651 1537 1877 1600 nempe
1923 1520 1995 1579 ut
2042 1514 2388 1579 ostenderet
2433 1537 2497 1578 se
2541 1535 2665 1580 non

643 1645 891 1704 tantum
929 1636 1175 1702 dicendi
1216 1635 1481 1720 peritum
1516 1657 1683 1713 esse,
1717 1633 1824 1698 sed
1857 1641 2138 1720 paratum
2168 1633 2352 1699 etiam
2383 1632 2462 1697 ad
2493 1655 2672 1718 agen·

644 1755 821 1833 dum,
890 1754 953 1819 h.
1010 1776 1063 1819 e.
1132 1753 1212 1818 ad
1272 1753 1535 1819 civitatis
1599 1752 1848 1838 negotia
1889 1751 2244 1831 tractanda,
2295 1775 2356 1838 p.
2406 1753 2535 1816 328
2581 1750 2669 1815 G:

643 1873 833 1955 ταύτῃ
874 1872 981 1951 μὲν
1030 1872 1099 1947 δὴ
1145 1881 1219 1954 τῇ
1268 1871 1485 1954 διανοίᾳ
1530 1895 1600 1936 τε
1643 1871 1744 1936 καὶ
1793 1871 1987 1953 τόλμῃ
2028 1871 2233 1949 οὶπῆροι
2275 1869 2480 1936 οἴκοθεν
2495 1919 2516 1953 ,
2555 1871 2672 1950 οὐχ

644 1989 681 2074 ᾖ
737 1991 889 2064 τινὲς
941 1989 1204 2071 ἐδόξαζον
1218 2041 1238 2066 ,
1284 1990 1425 2054 ἀλλ’
1471 1986 1888 2070 αἰσχυνόμενος
1933 1987 2041 2064 μὲν
2087 1987 2342 2066 ἐμαυτὸν
2387 1987 2455 2052 τὸ
2499 1989 2673 2066 μέγι-

644 2132 811 2184 στον,
856 2108 941 2187 μὴ
975 2107 1210 2185 δόξαιμί
1242 2109 1376 2174 ποτ’
1396 2108 1635 2188 ἐμαυτῷ
1659 2108 1716 2172 ἐν
1747 2107 1996 2183 λόγοις
2035 2106 2203 2184 μόνον
2225 2107 2494 2187 ἀτεχνῶς
2523 2101 2674 2172 εἷναί

643 2251 767 2303 τις,
805 2227 1013 2306 ἔργου
1052 2225 1101 2291 δ’
1115 2225 1331 2298 οὐδενὸς
1362 2222 1437 2290 ἄν
1466 2224 1594 2290 ποθ’
1615 2226 1752 2290 ἑκὼν
1775 2222 2178 2305 ἀνθάψασθαι.
2223 2223 2671 2290 Proficiscendo

644 2344 970 2432 Syracusas
1006 2345 1176 2429 justo
1213 2365 1357 2428 erga
1399 2343 1850 2428 philosophiam
1897 2342 2097 2408 officio
2127 2365 2191 2406 se
2220 2342 2398 2427 fungi
2412 2340 2673 2428 putabat

646 2464 730 2552 (p.
788 2466 917 2528 329
971 2463 1083 2548 B)=
1146 2462 1317 2528 ἐλθών
1369 2464 1428 2528 τ’
1456 2461 1711 2541 ἐμαυτὸν
1755 2461 2118 2540 ἠλευθέρωσα
2162 2461 2296 2533 Διὸς
2345 2459 2526 2538 ξενίου
2571 2459 2670 2526 xx}

646 2589 753 2655 τῆς
797 2581 1124 2665 Φιλοσόφου
1170 2581 1536 2658 ἀνέγκλητον
1581 2587 1789 2660 μοῖρας
1835 2579 2165 2662 napta-xcv:
2212 2603 2432 2666 nempe
2455 2588 2529 2645 ut
2557 2580 2674 2644 for·-

653 2699 877 2765 mando
922 2699 1197 2786 principe
1242 2707 1304 2765 et
1348 2699 1685 2776 condendis
1731 2699 1972 2786 legibus
2004 2699 2456 2787 philosophiam
2487 2701 2671 2765 etiam

615 2824 621 2831 '
650 2820 881 2906 populo
930 2826 1237 2904 acceptam
1270 2828 1333 2884 et
1362 2819 1721 2884 honoratam
1754 2819 2071 2895 redderet,
2103 2817 2198 2885 ἵνα
2219 2844 2314 2897 μοι
2337 2822 2554 2900 τιμῷτο
2577 2827 2674 2902 φι-

604 2950 609 2954 ’
650 2939 907 3021 λοσοΦΙοι
949 2938 1048 3004 καὶ
1094 2938 1259 3019 παρὰ
1297 2940 1379 3019 τῷ
1427 2939 1654 3014 πλήθει.
1745 2937 1946 3024 Epist.
1993 2937 2100 3017 II,
2148 2961 2208 3025 p.
2252 2941 2380 3003 312
2429 2940 2507 3003 A.

742 3054 930 3136 Quod
976 3063 1181 3122 autem
1228 3055 1307 3120 ad
1352 3055 1859 3122 consuetudinem
1909 3056 2037 3121 eius
2069 3079 2210 3122 cum
2241 3055 2539 3142 Dionysio
2586 3065 2673 3121 at·

651 3175 844 3253 tinet,
904 3175 1036 3261 ipse
1095 3182 1525 3240 commemorat
1587 3175 1812 3260 passim
1875 3175 2070 3239 varias
2113 3153 2565 3240 criminationes
2611 3182 2672 3241 et

650 3315 925 3360 rumores
988 3293 1063 3359 ab
1124 3293 1388 3358 inimicis
1450 3293 1605 3360 falso
1665 3294 1782 3358 sibi
1827 3293 2050 3359 oblata.
2143 3293 2220 3358 In
2265 3293 2362 3358 his
2406 3294 2670 3380 primum

652 3412 857 3478 locum
917 3418 1129 3478 tenent
1189 3412 1463 3492 διαβολαὶ
1527 3412 2010 3505 adversariorum
2026 3461 2044 3490 ‚
2105 3413 2216 3498 qui
2274 3412 2538 3478 Dionem
2582 3422 2672 3498 ty-

652 3553 845 3597 ranno
891 3532 956 3596 in
1003 3529 1409 3616 suspicionem
1456 3530 1850 3597 adduxerunt
1911 3532 2086 3616 quasi
2129 3531 2299 3596 illius
2343 3554 2530 3616 regno
2583 3531 2672 3596 in-

653 3647 996 3714 sidiaretur.
1100 3648 1320 3734 Neque
1396 3649 1575 3714 Plato
1641 3649 1929 3714 immunis
1992 3649 2426 3737 perhibebatur
2479 3648 2670 3714 huius

653 3767 1081 3846 consiliorum3
1152 3767 1555 3834 accusabatur
1573 3817 1596 3846 ,
1666 3768 1835 3854 quod
1901 3769 2094 3854 magis
2160 3767 2350 3834 Dioni
2417 3769 2670 3854 eiusque

654 3885 885 3964 amicis,
915 3885 1261 3964 Heraclidi,
1293 3885 1597 3953 Theodoti
1611 3935 1633 3964 ,
1657 3886 1793 3952 aliis
1813 3936 1832 3964 ‚
1865 3888 2092 3952 faveret
2121 3909 2305 3971 quam
2335 3887 2464 3972 regi
2495 3888 2669 3952 cuius

654 4003 972 4070 fruebatur
1032 4003 1319 4090 hospitio.
1412 4003 1656 4070 Diserte
1718 4005 1835 4070 hoc
1881 4005 2109 4071 dicitur
2153 4005 2348 4092 Epist.
2395 4003 2524 4069 VII
2542 4054 2559 4081 ,
2606 4028 2666 4090 p.

656 4125 787 4188 350
818 4122 867 4190 G
887 4173 907 4201 ,
940 4123 1052 4189 ubi
1079 4122 1258 4188 Plato
1290 4123 1366 4188 de
1404 4123 1701 4210 Dionysio
1727 4125 1970 4190 scribit:
2005 4123 2142 4197 ἴσως
2167 4123 2669 4203 ἧνεῖτο,3ιοιβοολ-

654 4241 869 4308 λόντων
912 4248 1172 4319 πολλῶν,
1218 4241 1612 4322 ἐπιβουλεύειν
1657 4243 1761 4320 ἐμὲ
1807 4231 1968 4321 ,ἀετοὶ
2011 4249 2114 4308 σοῦ
2158 4244 2417 4328 (Δίωνος)
2480 4244 2667 4323 ἑαυτῷ
