3092 5084
1635 470 1759 533 172

681 679 893 736 utrum
938 673 1157 738 Oriens
1203 675 1501 739 Graecum
1542 675 1976 761 philosophum
1994 725 2011 752 ,
2048 699 2125 738 an
2156 676 2254 740 hic
2293 676 2432 739 illos
2463 676 2687 740 maiore

681 791 887 856 studio
935 793 1158 857 coleret
1204 815 1271 857 ac
1316 802 1721 858 veneraretur.

768 910 847 975 In
892 911 1257 995 scriptorum
1303 918 1508 975 autem
1554 889 1950 977 relationibus
1996 912 2072 977 de
2090 935 2096 945 ·
2115 913 2420 998 Aegyptio
2465 913 2685 976 itinere

682 1031 970 1115 leguntur
1030 1051 1185 1114 quae
1236 1052 1363 1096 non
1422 1030 1628 1094 valent
1665 1029 1766 1108 ¹ad
1823 1053 2034 1095 eorum
2079 1031 2261 1096 fidem
2305 1031 2685 1096 firmandam.

677 1146 959 1212 Laertius
1020 1148 1303 1214 comitem
1350 1147 1595 1213 Platoni
1641 1148 1924 1234 adjungit
1967 1149 2359 1235 Euripidem,
2410 1151 2521 1233 qui
2559 1152 2688 1236 jam

680 1274 911 1353 septem
965 1269 1139 1332 annis
1201 1275 1341 1333 ante
1400 1267 1663 1332 Socratis
1725 1276 1980 1334 mortem
2042 1292 2075 1333 e
2135 1269 2260 1333 vita
2313 1268 2682 1347 decesserat3

679 1385 1047 1452 Plutarchus
1086 1393 1293 1452 narrat
1321 1387 1557 1451 itineris
1590 1410 1729 1453 eum
1761 1389 1952 1452 socios
1985 1388 2268 1453 habuisse
2297 1388 2684 1473 Ellopionem

680 1505 1113 1592 Peparethium
1128 1556 1148 1585 ,
1215 1506 1524 1572 hominem
1576 1508 1857 1592 ignotum
1872 1557 1891 1585 ‚
1967 1515 2027 1572 et
2097 1507 2408 1572 Simmiam
2461 1508 2692 1573 Theba-

682 1647 851 1689 num.
882 1627 929 1710 l)
976 1624 1258 1709 Denique
1303 1625 1520 1690 Strabo
1551 1625 1827 1690 Platonis
1859 1626 2348 1712 condiscipulum
2380 1626 2546 1711 apud
2577 1626 2693 1690 Ae-

682 1745 922 1829 gyptios
970 1745 1307 1809 sacerdotes
1362 1743 1689 1808 Eudoxum
1733 1745 1921 1809 fuisse
1967 1745 2211 1824 scribit,
2259 1746 2543 1829 idemque
2590 1745 2692 1808 do·

680 1885 849 1928 mum
895 1863 1143 1928 illorum
1187 1863 1501 1948 Heliopoli
1544 1865 1662 1928 sibi
1707 1872 2105 1929 monstratam
2152 1887 2280 1929 esse
2333 1866 2534 1930 refert.
2596 1864 2692 1928 De

680 1981 939 2046 Eudoxo
998 1981 1275 2047 Platonis
1336 1983 1558 2047 comite
1601 1984 1750 2047 item
1793 1984 1969 2048 nobis
2016 1991 2227 2048 auctor
2272 1991 2366 2048 est
2411 1983 2691 2048 Clemens

681 2099 925 2186 (Strom.
988 2100 1042 2166 Ι.
1106 2125 1167 2188 p.
1233 2103 1359 2165 303
1420 2101 1492 2187 G)
1508 2151 1527 2180 ,
1593 2103 1700 2186 qui
1761 2103 1942 2167 etiam
2002 2102 2383 2166 sacerdotum
2401 2153 2419 2180 ,
2467 2103 2691 2187 quibus

686 2219 861 2283 ambo
918 2219 1225 2303 magistris
1285 2220 1388 2284 usi
1441 2228 1667 2299 essent,
1727 2221 1977 2286 nomina
2035 2222 2358 2286 memoriae
2402 2220 2689 2306 prodidit.

682 2336 999 2402 Praeterea
1044 2337 1121 2402 de
1165 2347 1435 2424 tempore
1480 2339 1870 2424 profectionis
1915 2347 1976 2404 et
2020 2340 2096 2404 de
2127 2339 2535 2405 diuturnitate
2565 2362 2690 2404 non

682 2456 985 2521 convenit.
1077 2457 1293 2522 Strabo
1338 2458 1527 2522 tradit
1573 2460 2102 2524 commorationem
2154 2459 2218 2523 in
2259 2461 2538 2545 Aegypto
2582 2481 2690 2544 per

682 2575 975 2640 tredecim
1044 2597 1233 2640 annos
1289 2576 1538 2641 durasse
1555 2604 1573 2656 3
1635 2576 1825 2662 igitur
1870 2600 2054 2642 >omne
2099 2586 2339 2663 tempus
2385 2578 2546 2643 inter
2589 2577 2694 2643 80-

686 2695 867 2758 cratis
912 2701 1169 2758 mortem
1207 2702 1269 2758 et
1297 2695 1572 2759 Platonis
1605 2696 2039 2781 profectionem
2069 2697 2134 2760 in
2172 2696 2416 2761 Italiam
2447 2698 2691 2780 (399—

688 2814 840 2896 387)
886 2835 957 2876 ea
1001 2813 1483 2898 peregrinatione
1528 2815 1836 2898 expletum
1877 2838 2004 2895 esse
2036 2816 2252 2894 sumit,
2288 2838 2480 2900 quum
2511 2816 2696 2880 ceteri

686 2932 1009 3016 scriptores
1069 2933 1135 2996 in
1187 2931 1348 2996 idem
1395 2933 1661 3018 spatium
1707 2933 1826 2998 alia
1869 2934 2051 2998 etiam
2096 2935 2316 2999 itinera
2359 2935 2690 3000 conferant.

686 3048 1005 3114 Praeterea
1058 3072 1197 3115 vero
1242 3051 1445 3115 ferunt
1489 3045 1809 3116 Platonem
1854 3075 1906 3116 a.
1956 3055 2082 3116 395
2123 3053 2190 3116 in
2223 3052 2690 3117 Atheniensium

687 3169 953 3233 exercitu
976 3169 1286 3234 militasse.
1334 3168 1476 3235 Vid.
1503 3170 1684 3254 Diog.
1708 3169 1912 3235 Laert.
1937 3170 2042 3234 III
2055 3220 2075 3249 ,
2105 3172 2164 3235 8.
2190 3170 2482 3235 Aelianus
2499 3219 2517 3248 ,
2543 3169 2689 3234 Var.

686 3289 851 3352 Hist.
914 3287 1077 3367 VII,
1139 3292 1219 3352 14
1282 3289 1374 3352 Of.
1434 3289 1686 3354 Glinton
1744 3289 1906 3354 Fast.
1954 3289 2118 3354 Hell.
2176 3289 2268 3354 ed.
2317 3289 2578 3374 Kriiger.
2626 3313 2687 3375 p.

696 3410 817 3471 101
883 3413 945 3471 01
1011 3431 1069 3493 p.
1120 3410 1267 3474 377.
1361 3407 1648 3472 Narratio
1720 3407 1794 3472 de
1853 3387 2069 3473 itinere
2123 3408 2202 3472 ad
2261 3407 2476 3494 Magos
2523 3407 2690 3472 haud

690 3525 874 3591 dubie
933 3527 1203 3591 manavit
1246 3549 1280 3590 e
1326 3526 1530 3591 studio
1579 3527 2006 3591 Graecanicam
2054 3527 2408 3612 sapientiam
2451 3549 2524 3590 ex
2561 3525 2696 3590 Ori·

691 3654 829 3710 ente
880 3645 1195 3731 repetendi
1207 3673 1226 3724 ;
1289 3669 1413 3711 non
1458 3647 1752 3712 absonum
1799 3647 1985 3732 igitur
2038 3647 2192 3710 foret
2237 3645 2534 3732 suspicari
2575 3646 2694 3710 iter

758 3875 807 3936 1)
840 3875 1057 3924 Simmias
1090 3875 1214 3939 apud
1247 3875 1375 3925 Plut.
1412 3874 1469 3924 de
1502 3875 1620 3924 Gen.
1655 3875 1786 3924 Socr.
1822 3891 1868 3940 p.
1905 3873 2001 3927 576
2036 3889 2137 3938 sqq.
2172 3874 2347 3923 dicitur
2372 3875 2505 3925 πολὺν
2531 3881 2686 3942 χρόνον

689 3975 765 4022 ἐπὶ
788 3979 871 4029 τῆς
893 3975 1040 4030 ξενίας
1068 3974 1213 4034 (ξένης
1222 3973 1261 4032 Ρ)
1297 3977 1481 4036 γεγονὼς
1503 3977 1578 4024 καὶ
1602 3974 1937 4032 πεπλανημένος
1969 3975 2012 4020 ἐν
2036 3972 2305 4028 ἀλλοδαποῖς
2330 3975 2579 4038 ἀνθρώποις
2623 3974 2696 4018 at·

692 4057 783 4130 que
814 4070 959 4118 πολλὰ
990 4075 1085 4125 τοῖς
1104 4072 1273 4137 ἱερεῦσι
1294 4068 1369 4119 διὰ
1389 4070 1644 4136 φιλοσοφίαν
1664 4073 1988 4131 συγγενόμενος.
2024 4066 2200 4115 Utrum
2219 4071 2380 4118 autem
2401 4065 2685 4114 Plutarchus

690 4167 969 4227 argumento
1018 4163 1195 4228 dialogi
1242 4163 1501 4213 inserviens
1552 4163 1797 4212 Simmiam
1845 4164 2116 4227 Aefflptum
2149 4161 2363 4211 visitasse
2395 4163 2570 4211 referat
2586 4199 2602 4220 ,
2634 4177 2693 4212 au

688 4258 851 4310 idonei
884 4259 1019 4312 testis
1050 4260 1331 4312 auctoritate
1366 4259 1539 4317 fietus,
1575 4259 1627 4309 in
1661 4257 1858 4308 dubium
1891 4258 2050 4307 vocari
2082 4261 2256 4323 potest.
