3092 5084
1560 440 1641 501 68

590 645 932 707 concinnus
969 662 1034 708 et
1071 644 1402 731 mpeditus
1433 653 1544 710 oet.
1590 646 1859 712 Attende
1887 648 2045 712 hanc
2068 647 2459 711 sententiam:
2499 646 2599 711 ἐὰν

589 763 654 824 δὲ
683 789 772 838 ως
799 762 1273 840 ξυμβιυὶεύητω
1305 803 1396 813 -
1423 765 1753 843 πεισόμενος
1773 819 1791 842 ,
1830 765 2185 840 αὐτόκλητος
2208 802 2299 814 -
2318 767 2421 829 οὐκ
2440 764 2603 845 ἔρχο-

593 907 746 958 μαι,
773 883 1120 958 &zaim
1149 885 1210 948 δὲ
1241 885 1353 949 οὐδ’
1374 882 1446 949 ἂν
1479 885 1593 958 υἱὸς
1628 883 1662 967 ᾖ
1685 910 1818 963 μου.
1865 885 1943 949 In
1966 885 2196 969 protasi
2219 884 2343 948 duo
2366 906 2603 970 ponun-

593 1014 736 1078 tur,
793 1025 1020 1066 unum:
1087 1003 1186 1080 „si
1229 1003 1365 1086 quis
1412 1004 1658 1067 omnino
1703 1027 1829 1068 non
1875 1003 2141 1068 consulit
2188 1003 2521 1088 sapientem
2536 1003 2599 1081 ‚'’

595 1122 856 1185 alterum
871 1149 889 1185 :
934 1123 1032 1200 „si
1073 1122 1337 1186 consulit
1381 1113 1657 1207 quidem,
1705 1130 1769 1186 at
1813 1145 1938 1187 non
1984 1121 2359 1206 obsequendi
2392 1121 2603 1186 volun-

595 1241 1090 1318 tate;''distincte
1111 1242 1258 1305 haec
1281 1242 1367 1305 sic
1389 1243 1794 1307 enuntiasset:
1811 1243 1913 1308 ἐὰν
1935 1243 1996 1307 δε
2018 1244 2102 1320 μὴ
2125 1241 2604 1320 ξυμβουλεύηταί

595 1385 694 1436 μοι
749 1361 823 1425 τό
885 1359 1192 1440 παράπαν,
1249 1359 1282 1435 ἢ
1328 1359 1999 1438 ξυμβουλευόμενος
2044 1360 2211 1434 δῆλος
2258 1357 2291 1441 ᾖ
2350 1360 2599 1437 μηδαμῆ

601 1481 924 1562 animo-5:
951 1478 1416 1558 ξυμβουλεύοντα.
1467 1479 1582 1543 His
1606 1487 1807 1544 autem
1830 1481 1895 1544 in
1920 1480 2178 1564 apodosi
2197 1478 2607 1564 subjiciunter

597 1600 770 1663 haec:
815 1597 1163 1670 αὐτόκλητος
1194 1598 1288 1663 ἐπὶ
1326 1596 1424 1663 τὸν
1447 1603 1692 1664 τοιοῦτον
1721 1601 1821 1662 οὐκ
1851 1597 2130 1678 ἔρχομαικ
2166 1597 2243 1661 ad
2278 1619 2598 1681 quemnam

597 1725 826 1803 spectat
876 1716 972 1780 τὸν
1024 1716 1312 1782 τοιοῦτονΡ
1370 1717 1660 1781 nimirum
1720 1715 1797 1780 ad
1843 1716 2132 1800 priorem,
2187 1717 2285 1781 τὸν
2328 1719 2413 1794 μὴ
2458 1715 2603 1793 ξυμ-

595 1835 1026 1914 βουλευόμενονς
1099 1834 1264 1918 quod
1327 1842 1531 1900 autem
1598 1833 1768 1898 addit
1826 1833 2171 1912 βιασόμενος
2232 1835 2291 1899 δὲ
2359 1835 2472 1898 οὐδ’
2534 1833 2607 1899 ἂν

595 1956 708 2026 υἱὸς
752 1953 786 2036 ᾖ
831 1979 975 2030 μου,
1023 1952 1100 2017 ad
1146 1975 1470 2037 quemnam
1515 1953 1632 2016 hoc
1677 1952 1954 2038 spectat?
1999 1975 2125 2017 non
2171 1975 2313 2016 sane
2346 1953 2423 2016 ad
2456 1975 2605 2017 eun-

596 2075 764 2138 dem:
828 2072 935 2155 qui
980 2071 1142 2136 enim
1187 2094 1399 2157 cogere
1444 2073 1638 2157 possis
1655 2121 1673 2150 ‚
1735 2095 1916 2156 quem
1961 2094 2038 2136 ne
2095 2072 2273 2137 adeas
2321 2071 2608 2156 quidem?

595 2192 701 2256 sed
754 2190 830 2254 ad
877 2190 1169 2267 alterum,
1217 2191 1314 2255 τὸν
1359 2189 1810 2268 ξυμβουλεύοντι
1856 2192 1940 2268 μὴ
1986 2190 2250 2255 ἐθέλοντα
2294 2190 2603 2255 πείθεο-θαι.

593 2308 750 2373 Vide
816 2309 1004 2392 igitur
1019 2358 1037 2385 ,
1110 2330 1295 2392 quam
1362 2330 1580 2393 parum
1648 2307 1936 2372 distincte
1992 2315 2054 2372 et
2107 2308 2401 2372 concinne
2448 2307 2609 2392 cogi-

595 2435 721 2492 tata
789 2427 1201 2492 enunciaverit
1216 2475 1234 2504 ,
1302 2448 1457 2510 quae
1524 2426 1682 2490 clare
1730 2426 1816 2489 sic
1864 2425 2068 2510 eloqui
2113 2433 2428 2511 potuerat:
2500 2425 2610 2504 „Si

595 2546 730 2629 quis
792 2553 900 2608 aut
955 2545 1202 2609 omnino
1257 2567 1354 2608 me
1399 2566 1525 2608 non
1572 2544 1840 2609 consulit
1885 2552 1993 2608 aut
2039 2545 2363 2608 consulens
2414 2553 2611 2608 osten-

596 2664 690 2728 dit
748 2686 810 2726 se
871 2663 1123 2747 obsequi
1167 2663 1320 2726 mihi
1363 2663 1558 2740 nolle,
1606 2663 1781 2728 illum
1827 2663 1992 2727 ultro
2038 2685 2161 2728 non
2208 2663 2393 2740 aden,
2443 2663 2611 2726 hunc

600 2781 1013 2866 obtemperare
1072 2803 1196 2845 non
1258 2804 1407 2866 cogo
1423 2830 1442 2859 ,
1505 2804 1583 2845 ne
1644 2781 1695 2845 si
1750 2781 1913 2845 filius
1961 2781 2209 2866 quidem
2255 2804 2425 2846 meus
2471 2780 2613 2846 sit.'’

601 2898 787 2980 Quod
833 2907 1038 2964 autem
1083 2901 1331 2964 inserit:
1379 2900 1557 2980 δούλῳ
1611 2901 1669 2964 δὲ
1714 2899 2220 2978 ξυμβουλεύσοιιμ’
2266 2899 2337 2965 ἂν
2382 2900 2482 2964 καὶ
2528 2901 2612 2977 μὴ

597 3017 863 3084 ἐθέλοντά
922 3042 998 3095 γε
1057 3018 1544 3102 προσβὶοιζοίμην,
1612 3027 1703 3082 est
1766 3041 2006 3104 pannus
2059 3041 2185 3083 non
2231 3019 2429 3082 solum
2478 3019 2613 3082 inu-

597 3137 723 3201 tilis
739 3186 758 3215 ,
822 3136 929 3201 sed
989 3137 1094 3221 qui
1165 3137 1346 3201 etiam
1401 3137 1560 3201 male
1606 3137 1839 3202 divellit
1884 3137 2061 3202 ambo
2107 3137 2257 3201 haec
2304 3136 2607 3201 membra:

597 3257 710 3320 οὐδ’
755 3254 828 3319 ἂν
872 3257 988 3326 υἱὸς
1032 3253 1066 3336 ᾖ
1111 3278 1221 3333 μου
1267 3263 1328 3318 et
1372 3255 1603 3335 πατέρα
1634 3257 1682 3320 δ’
1708 3256 1741 3331 ἢ
1772 3253 1997 3335 μητέρος
2027 3257 2142 3336 οὐχ
2171 3252 2314 3321 ὅσιον
2347 3258 2606 3333 ἡγοῦμαι

599 3372 1085 3454 προσβιάζεσθαις
1164 3395 1426 3457 quorum
1504 3374 1809 3458 posterius
1890 3395 2069 3437 nemo
2155 3373 2489 3456 requireret
2566 3371 2619 3435 si

600 3489 868 3554 abesset:
939 3489 1106 3573 quod
1176 3491 1336 3555 enim
1403 3492 1470 3555 in
1537 3491 1734 3555 fllium
1802 3491 1994 3556 facere
2062 3489 2413 3554 reformides
2429 3540 2448 3568 ,
2498 3490 2612 3553 hoc

599 3608 798 3672 multo
841 3609 1046 3673 minus
1093 3631 1235 3694 erga
1279 3617 1557 3694 parentes
1596 3609 1959 3673 committas,
2029 3607 2319 3693 Ineptum
2350 3631 2491 3672 vero
2523 3617 2614 3673 est

601 3725 766 3809 quod
826 3726 1067 3812 adjicit:
1129 3728 1178 3792 εἶ
1236 3729 1322 3806 μὴ
1378 3727 1517 3808 νόσῳ
1564 3726 2008 3811 παραφροσύνης
2053 3727 2362 3808 ἐχομένους
2380 3777 2398 3804 ,
2449 3727 2613 3811 quod

595 3844 878 3929 scriptori
928 3845 1234 3930 suggessit
1277 3846 1531 3910 fortasse
1576 3845 1749 3909 locus
1796 3844 1872 3909 de
1916 3844 2105 3930 Legg.
2153 3843 2283 3924 IX,
2340 3847 2463 3909 881
2522 3845 2611 3910 B:

598 3959 656 4034 ὃς
725 3961 798 4027 ἂν
856 3965 1123 4046 τολμήσῃ
1179 3963 1410 4045 πωτέρω
1472 3964 1506 4036 ἢ
1560 3964 1787 4045 μητέρος
1838 3963 1871 4038 ἢ
1924 3962 2139 4028 τούτων
2192 3965 2449 4045 πατέρας
2514 3964 2612 4029 κοιὶ

600 4080 855 4160 μητέρας
921 4081 1197 4159 τύπτειν,
1259 4083 1345 4158 μὴ
1399 4081 1638 4156 μανίαις
1700 4082 2009 4162 ἐχόμενοςε
2075 4103 2282 4146 verum
2344 4103 2484 4166 erga
2528 4082 2618 4145 in-

601 4198 900 4262 sanientes
973 4198 1185 4263 nullus
1256 4221 1451 4263 sermo
1520 4222 1648 4263 esse
1718 4206 1917 4284 potest
1984 4200 2061 4262 de
2131 4200 2257 4263 vita
2304 4200 2401 4284 „ad
2467 4201 2614 4264 recti
