3092 5084
1405 463 1484 522 59

441 669 583 745 ἐμὴν
628 667 824 744 δόξάν,
873 668 940 732 τὸ
983 669 1089 744 μὲν
1135 669 1258 749 περὶ
1307 674 1417 733 τῶν
1462 669 1592 734 νέων
1640 666 1749 743 ὅπη
1796 669 1939 734 ποτὲ
1982 670 2276 746 γενήσοιτο
2320 667 2451 750 εἶχε

438 785 654 868 φόβος,
684 837 698 859 .,
727 838 738 850 .
766 837 781 852 .
843 786 909 851 τὸ
964 787 1020 851 δὲ
1083 787 1292 858 Δίωνος
1353 783 1475 863 ἦθος
1535 787 1873 863 ἠπιστάμην
1920 795 2023 862 τῆς
2074 795 2279 868 ψυχῆς
2326 788 2453 868 πέρι

439 906 614 986 Φύσει
658 929 724 971 τε
763 885 1027 986 ἐμβριθὲς.
1067 905 1123 971 ὃν
1167 914 1271 981 τῆς
1315 931 1383 971 τε
1429 907 1655 980 ἡλικίαις
1700 907 1801 982 ἤδη
1846 908 2089 986 μετρίως
2120 907 2257 988 ἔχον
2278 960 2293 974 .
2333 906 2449 972 ὅθεν

439 1049 533 1102 μοι
601 1023 962 1102 σκοπουμένῳ
1025 1024 1123 1088 xx)
1191 1025 1534 1106 διστάζοντι,
1608 1022 1835 1104 πότερον
1904 1025 1987 1101 εἴη
2050 1028 2343 1106 πορευτέον
2408 1026 2441 1102 ἦ
2496 1025 2499 1030 ’

439 1148 559 1214 πῶς
577 1194 594 1216 ,
657 1140 806 1219 ὅμως
867 1143 1064 1224 ἔρρεψε
1117 1143 1229 1207 δεῖν
1245 1194 1259 1218 ,
1333 1141 1387 1207 εἴ
1441 1143 1583 1208 ποτέ
1642 1168 1728 1215 τις
1789 1143 1871 1209 τά
1917 1145 2275 1220 διοινοηθέντά
2321 1145 2446 1226 περὶ

437 1262 619 1338 νόμων
664 1287 730 1326 τε
775 1261 873 1326 xcx)
897 1262 1214 1334 ’πολιτείοις
1267 1263 1576 1326 άποτελεῖν
1622 1264 1947 1342 ἐγχείρησοι
1964 1314 1983 1339 ,
2036 1263 2135 1356 xxi
2183 1269 2277 1329 νῦν
2325 1288 2442 1328 πεκ

438 1382 632 1460 ροιτέον
676 1377 836 1447 εἶναι.

529 1500 732 1581 Quam
777 1523 990 1586 parum
1021 1509 1298 1563 accurate
1337 1508 1541 1564 noster
1579 1500 1843 1584 cogitata
1874 1500 2189 1564 enuntiare
2232 1501 2451 1565 solitus

439 1620 520 1682 sit
575 1619 846 1704 exemplo
907 1628 1048 1682 sunt
1119 1617 1322 1682 denuo
1381 1619 1579 1703 prima
1632 1617 1846 1682 verba:
1894 1620 2020 1693 τὴν
2068 1619 2115 1682 δ’
2140 1620 2314 1695 ἐμὴν
2361 1619 2393 1682 δ
2402 1619 2455 1682 o'-

437 1737 574 1814 ξαν
639 1777 730 1786 -
797 1734 928 1818 εἶχε
993 1738 1213 1821 φόβος,
1279 1759 1388 1822 pro
1456 1738 1580 1814 ἐμὲ
1646 1739 2125 1815 σκοπούμενον
2184 1747 2277 1786 —4-
2321 1734 2451 1817 εἶχε

370 1843 378 1849 ”
441 1856 664 1938 <MEO-5:
713 1879 837 1921 non
883 1857 1041 1922 enim
1097 1856 1444 1941 opinionem
1490 1856 1749 1922 alicuius
1794 1855 2029 1920 invadit
2072 1862 2299 1934 metue,
2348 1855 2454 1920 sed

441 1977 606 2060 ipsos
676 1975 1008 2060 cogitantes
1061 1983 1262 2040 metus
1325 1975 1508 2040 subit.
1597 1975 1809 2059 Aeque
1864 1975 2082 2060 putida
2149 1975 2457 2060 periphra-

441 2095 527 2172 sis
596 2102 689 2158 est
755 2095 820 2158 in
887 2094 1082 2180 Epist.
1132 2094 1270 2173 III,
1318 2118 1378 2180 p.
1440 2097 1566 2160 317
1616 2093 1705 2157 E:
1769 2097 1842 2166 ὡς
1890 2097 1922 2170 ἡ
1968 2095 2081 2172 ἐμὴ
2125 2093 2266 2170 δόξά
2309 2117 2457 2171 μάν-

441 2212 698 2279 τεύετοιι.
792 2213 869 2277 In
924 2213 1322 2298 sequentibus
1363 2213 1546 2278 verba
1584 2221 1687 2287 τῆς
1740 2220 1947 2294 ψυχῆς
1988 2214 2109 2294 πέρι
2122 2263 2141 2292 ,
2188 2217 2344 2298 quod
2376 2217 2461 2278 ad

441 2334 694 2397 animum
724 2333 932 2398 attinet
944 2383 963 2412 ‚
995 2334 1201 2418 inepte
1231 2341 1292 2398 et
1323 2356 1502 2418 prave
1533 2355 1663 2398 esse
1692 2339 1897 2396 assuta
1928 2332 2065 2416 quis
2095 2354 2221 2396 non
2244 2332 2448 2396 statim

443 2451 911 2518 animadvertit?
964 2451 1029 2514 Si
1073 2475 1214 2516 vero
1261 2474 1398 2516 cum
1441 2450 1745 2536 plerisque
1788 2451 2096 2515 codicibus
2139 2451 2455 2514 omittatur

445 2571 808 2640 vocabulum
837 2567 992 2649 ἦθος,
1027 2571 1207 2636 etiam
1239 2572 1407 2657 peior
1436 2571 1507 2635 fit
1530 2571 1851 2659 verborum
1875 2570 2265 2634 constructio,
2314 2569 2457 2634 Pos-

412 2695 634 2752 trema
647 2738 666 2767 ‚
715 2687 912 2772 ἔρρεψε
955 2689 1068 2754 δεῖν
1111 2728 1202 2738 -
1245 2690 1537 2770 πειράτέον
1584 2687 1725 2754 εἷνάι
1742 2739 1761 2768 ,
1824 2711 1948 2753 non
1994 2710 2119 2753 uno
2177 2687 2457 2752 laborant

446 2807 628 2871 vitio:
692 2808 803 2874 δεῖν
865 2815 988 2873 tam
1035 2807 1294 2898 absurde
1341 2808 1613 2872 abundat
1668 2815 1740 2872 ut
1782 2808 1990 2894 potius
2038 2807 2279 2871 credam
2326 2829 2451 2870 esse

443 2926 674 2991 scribae
727 2927 966 3012 lapsum
1030 2950 1136 3012 pro
1182 2927 1390 3004 δοκεῖν;
1459 2927 1565 2991 sed
1610 2926 1809 3007 ἔρρεψε
1853 2925 2253 3010 impersonale
2293 2926 2452 3010 posi-

443 3054 580 3110 tum
623 3045 888 3110 insolens
941 3053 1050 3112 est.
1141 3045 1262 3111 Pro
1307 3046 1424 3109 hoc
1471 3046 1593 3109 dici
1636 3052 2029 3130 oportuerat:
2078 3069 2173 3122 μοι
2218 3069 2453 3110 σκοπου-

443 3163 592 3244 μένῳ
618 3215 632 3228 .
769 3165 997 3244 ἔρρεψεν
1029 3167 1062 3240 ἦ
1093 3165 1297 3241 ynam)
1334 3165 1426 3228 ἐπὶ
1460 3165 1526 3228 τὸ
1558 3164 1734 3228 δοκεῖν
1773 3162 2065 3243 πειρατέον
2088 3159 2232 3228 εἷνοιι
2245 3212 2264 3241 ,
2307 3163 2454 3244 cogi-

446 3282 601 3344 tanti
631 3283 775 3346 mihi
806 3283 1034 3347 animus
1061 3281 1366 3347 manavit
1393 3283 1457 3346 in
1487 3305 1613 3346 eam
1643 3283 1965 3364 opinionem
1976 3317 1995 3360 ‚-
2020 3305 2139 3346 rem
2163 3282 2453 3364 experien-

445 3402 578 3462 dam
623 3422 760 3464 ecce.

533 3517 683 3582 Mox
733 3517 1036 3583 rhetorico
1089 3519 1337 3584 artificio
1382 3541 1508 3584 rem
1555 3525 1749 3582 ornat.
1798 3517 2005 3602 Fingit
2050 3517 2310 3582 Dionem
2358 3541 2454 3582 ex·

445 3637 636 3702 sulem
698 3638 774 3701 ad
827 3661 890 3702 se
936 3638 1261 3723 confugere
1305 3645 1367 3702 et
1410 3639 1506 3702 his
1550 3637 1745 3702 verbis
1791 3661 1855 3702 se
1900 3637 2166 3721 alloqui,
2213 3660 2271 3722 p.
2322 3639 2449 3701 328

444 3755 532 3819 D:
585 3751 689 3821 μὨ
747 3755 1028 3832 Πλάτων,
1093 3755 1204 3832 ἥκω
1266 3735 1348 3822 σοι
1409 3759 1647 3839 φυγάς,
1710 3758 1825 3837 οὐχ
1886 3758 2134 3821 ὁπλιτῶν
2194 3755 2453 3833 δεόμενος

443 3875 554 3940 οὐδ’
605 3874 824 3940 ἱππέων
883 3875 1067 3950 ἐνδεὴς
1127 3876 1428 3952 γενόμενος
1487 3882 1589 3940 τοῦ
1636 3875 1968 3952 άμύνοοσθάι
2011 3850 2143 3945 ‘roim
2189 3875 2450 3955 ἐχθροὺς,

446 3993 612 4058 άλλά
670 3993 860 4071 λόγων
918 3994 1017 4059 καὶ
1080 3996 1320 4065 πειθοῦς.
1412 3966 1723 4058 Lubenter
1774 3993 1929 4057 fictis
1976 3992 2349 4057 orationibus
2396 4001 2455 4056 et

449 4111 764 4195 colloquiis
808 4111 1350 4197 Epistolographus
1396 4119 1601 4176 noster
1645 4111 2029 4196 scriptionem
2061 4117 2265 4188 ornat,
2300 4133 2455 4194 quae

449 4254 589 4295 sane
630 4232 956 4316 egregium
1017 4213 1290 4318 campum
1351 4231 1580 4296 rhetori
1642 4231 1987 4318 aperiebant
2039 4236 2225 4296 artem
2282 4251 2455 4296 suam
