3092 5084
1372 475 1450 534 31

489 683 541 746 Ι.
595 683 770 748 Plato
809 681 1138 767 respondet
1173 681 1388 745 Dionis
1431 680 1824 766 propinquiS,
1866 679 2127 744 libenter
2172 701 2233 742 se
2260 674 2413 742 velle

399 802 673 865 societati
717 801 960 865 illorum
1008 777 1259 877 ascribi,
1320 800 1370 862 si
1419 799 1673 863 eandem
1718 821 1873 882 quae
1923 798 2139 862 Dionis
2194 797 2413 860 fuisset

399 919 475 982 de
505 919 816 1004 republica
870 919 1161 982 haberent
1207 918 1571 982 sententiam
1587 944 1604 994 3
1654 917 1837 980 huius
1885 917 2075 1000 igitur
2106 915 2413 980 sententia

399 1045 462 1101 et
543 1037 825 1100 voluntas
887 1036 1084 1120 qualis
1142 1036 1326 1100 fuerit
1385 1058 1448 1098 se
1525 1035 1963 1119 expositurum.
2073 1033 2407 1098 Exordium

407 1155 553 1218 facit
612 1177 648 1217 a
707 1177 852 1218 suae
912 1155 1104 1239 ipsius
1166 1155 1324 1218 vitae
1383 1154 1671 1217 instituto
1732 1162 1795 1217 et
1839 1175 2044 1218 cursu.
2138 1153 2293 1216 Inde
2338 1153 2414 1216 ab

407 1272 816 1354 adolescentia
870 1273 1092 1336 ductus
1138 1273 1257 1337 fuit
1301 1271 1506 1336 studio
1553 1295 1646 1334 res
1693 1271 1969 1356 publicas
2016 1271 2403 1356 capessendi,

399 1391 509 1454 sed
571 1391 780 1454 multis
843 1392 1082 1456 casibus
1142 1391 1285 1456 inde
1346 1391 1638 1477 depulsus
1700 1399 1809 1454 est.
1903 1391 2175 1454 Primum
2223 1413 2413 1474 quum

399 1509 657 1592 triginta
701 1511 814 1573 viri
861 1533 1097 1574 summa
1156 1485 1357 1574 rerum
1419 1509 1599 1594 potiti
1661 1509 1986 1598 violentius
2034 1531 2097 1573 se
2142 1517 2417 1594 gererent

405 1635 592 1710 atque
651 1629 853 1711 ipsum
915 1628 1221 1692 Socratem
1281 1629 1339 1690 vi
1403 1629 1755 1712 participem
1799 1627 2050 1691 reddere
2097 1651 2241 1691 suae
2288 1650 2418 1690 cru-

402 1745 672 1809 delitatis
719 1755 1108 1824 conarentur,
1159 1745 1533 1810 abalienatus
1582 1754 1674 1809 est
1720 1770 1753 1810 a
1799 1745 2081 1810 civilibus
2128 1747 2412 1830 negotiis,

401 1863 522 1927 His
593 1865 894 1964 expuISJS,
967 1887 1159 1948 quum
1239 1887 1373 1949 spes
1437 1866 1819 1929 revivisceret
1880 1864 2150 1930 melioris
2212 1888 2416 1929 rerum

400 1989 636 2059 status,
685 2005 825 2046 mox
871 1991 1079 2047 secuta
1124 1991 1216 2046 est
1259 1984 1490 2068 injusta
1534 1983 1798 2047 Socratis
1844 1983 2189 2064 damnatiO,
2250 1983 2427 2048 unde'

401 2102 675 2164 taedium
715 2124 852 2164 eum
892 2102 1052 2186 cepit
1088 2124 1290 2165 rerum
1326 2102 1709 2186 publicarum
1726 2129 1744 2180 ς
1770 2111 1833 2166 et
1855 2125 1977 2186 quo
2003 2104 2197 2187 magis
2222 2113 2418 2167 aet-ate

402 2220 899 2305 progrederetur,
963 2242 1032 2283 eo
1094 2219 1332 2304 plenius
1379 2222 1684 2305 perspexit
1730 2221 1878 2284 adeo
1926 2229 2242 2306 corruptos
2290 2245 2417 2285 esse

402 2359 606 2402 mores
651 2349 710 2400 et
757 2338 1166 2423 disciplinam,
1218 2348 1288 2402 ut
1332 2339 1653 2423 pleraeque
1686 2340 1958 2403 civitates
1991 2329 2429 2403 immedicabili⁴

403 2456 620 2520 morbo
681 2457 1057 2535 laborarent3
1130 2457 1359 2520 nullam
1422 2481 1551 2521 esse
1614 2458 1827 2521 salutis
1890 2481 2057 2542 spem
2127 2459 2243 2521 nisi
2312 2466 2421 2521 aut

403 2574 758 2659 philosophi
811 2577 1176 2660 imperarent
1235 2585 1342 2640 aut
1401 2578 1764 2661 imperantes
1823 2577 2416 2662 philosopharentur.

404 2696 491 2777 (p.
546 2697 672 2756 326
722 2697 819 2778 A).
2136 2701 2139 2706 ·
2388 2676 2391 2680 ’

500 2810 634 2874 Hac
693 2819 895 2875 mente
956 2812 1226 2875 Athenas
1286 2813 1553 2896 reliquit.
1647 2813 1960 2878 Profectus
2017 2815 2081 2877 in
2137 2813 2381 2876 Italiam
2400 2864 2416 2891 ,

411 2929 502 2992 ibi
563 2929 846 2993 instituta
905 2937 963 2994 et
1022 2953 1218 2994 mores
1281 2931 1487 2996 eadem
1551 2955 1671 3016 qua
1732 2932 1895 2996 domi
1950 2932 2085 2996 labe
2133 2940 2421 3016 corrupta

411 3051 699 3133 repperit.
805 3049 985 3113 Forte
1065 3049 1302 3113 delatus
1371 3051 1437 3113 in
1505 3049 1772 3114 Siciliam
1840 3053 1916 3135 (a.
1979 3047 2081 3114 '0ss
2129 3053 2281 3135 388)
2359 3059 2419 3114 et

416 3169 720 3231 admissus
752 3169 816 3232 in
849 3168 1052 3232 aulam
1083 3169 1388 3254 Dionysii,
1420 3169 1508 3233 ibi
1539 3171 1821 3254 cognovit
1848 3169 2141 3247 Dionem,
2176 3170 2420 3254 tyranni

413 3288 862 3370 propinquum,
927 3286 1365 3351 adolescentem
1427 3287 1669 3371 (viginti
1725 3288 1847 3350 fere
1909 3291 2227 3371 annorum)
2298 3288 2419 3350 acri

412 3406 694 3488 ingeniO,
745 3405 1033 3482 docilem,
1081 3405 1456 3482 modestum,
1506 3428 1687 3488 quem
1719 3405 1961 3470 virtutis
1996 3416 2057 3470 et
2090 3406 2419 3492 sapientiae

415 3546 618 3586 amore
678 3523 930 3586 imbuit:
993 3513 1104 3607 qui'
1161 3512 1236 3588 ab
1298 3524 1412 3587 hoc
1473 3524 1615 3587 inde
1668 3531 1936 3609 tempore
1983 3532 2143 3588 unus
2192 3525 2250 3588 in
2302 3547 2422 3586 me-

415 3641 520 3704 dia
580 3641 753 3704 aulae
812 3642 1086 3706 lubidine
1142 3650 1202 3706 et
1263 3642 1506 3705 lascivia
1560 3644 2021 3727 temperantiam
2070 3650 2131 3706 et
2177 3643 2423 3727 frugali-

417 3768 640 3851 tatem⁹
678 3761 871 3846 colere
931 3783 1056 3824 non
1101 3761 1356 3824 destitit.
1427 3761 1601 3826 Abiit
1645 3761 1841 3824 Plato.
1914 3761 2169 3844 Aliquot
2217 3770 2422 3827 autem

419 3879 593 3940 annis
640 3887 811 3962 post,
858 3883 1098 3942 mortuo
1145 3878 1438 3962 Dionysio
1485 3895 1566 3962 (a.
1616 3881 1801 3964 367),
1850 3880 1924 3943 ab
1967 3880 2149 3943 huius
2190 3902 2426 3943 succes-

419 4018 553 4059 sore
615 3997 906 4079 Dionysio
967 3997 1232 4080 minore,
1282 3996 1498 4060 Dionis
1546 3997 1827 4075 hortatu,
1875 3999 2167 4062 invitatus
2215 4008 2306 4061 est
2351 4009 2422 4062 ut

418 4137 629 4176 rursus
663 4113 918 4177 Athenis
963 4114 1288 4198 Syracusas
1320 4116 1569 4179 veniret.
1634 4115 1721 4178 Re
1753 4117 2018 4180 multum
2051 4116 2416 4192 deliberata,

421 4231 698 4308 tandem,
747 4233 858 4296 etsi
903 4234 1397 4332 tergiversanter‚
1448 4234 1628 4298 cessit
1674 4236 2003 4299 amicorum
2050 4236 2327 4320 precibus
2362 4245 2421 4298 et
