3092 5084
1642 521 1725 582 28

680 748 803 810 quo
848 726 1123 790 Platonis
1169 726 1362 790 oratio
1407 727 1581 791 nitet.
1674 727 1957 817 Denique
2003 734 2133 791 tota
2179 727 2365 791 dictio
2414 729 2497 792 sic
2530 751 2689 791 com-

680 851 893 929 parata
951 851 1072 923 est,
1144 851 1215 908 ut
1283 845 1391 930 qui
1458 852 1691 909 attente
1751 868 1883 909 eam
1943 846 2108 931 legat
2168 845 2343 910 facile
2403 854 2690 931 agnoscat

679 986 803 1028 non
863 986 1219 1049 germanum
1278 963 1596 1028 Platonem
1658 987 1722 1028 se
1784 965 2009 1049 legere,
2070 964 2176 1030 sed
2232 965 2514 1030 sedulum
2558 966 2689 1029 imi-

681 1090 941 1146 tatorem
958 1130 977 1159 ‚
1041 1081 1149 1165 qui
1209 1081 1406 1146 verbis
1468 1081 1784 1146 sententiis
1844 1082 2095 1146 floribus
2147 1083 2420 1167 undique
2466 1106 2539 1147 ex
2583 1083 2690 1147 illo

681 1200 1040 1284 conquisitis
1079 1222 1234 1285 opus
1267 1222 1451 1264 suum
1495 1200 1964 1265 concinnaverit.
2038 1287 2049 1296 .

768 1319 809 1382 J
811 1342 907 1383 am
969 1341 1206 1383 summa
1267 1318 1639 1402 quaestionis
1702 1319 1901 1405 posita
1960 1327 2053 1383 est
2095 1319 2159 1383 in
2205 1319 2483 1404 Epistola
2527 1318 2687 1398 VII,

682 1461 865 1523 quam
919 1437 1194 1523 plerique
1240 1437 1588 1502 etiamnunc
1624 1438 1728 1520 ‚vel
1783 1437 1858 1502 ab
1903 1439 2037 1524 ipso
2090 1438 2346 1504 Platone
2390 1439 2484 1502 vel
2531 1445 2691 1502 certe
2786 1451 2793 1458 ·

681 1556 757 1620 ab
804 1556 1007 1640 aliquo
1053 1556 1184 1621 eius
1229 1554 1619 1621 familiarium
1664 1556 1948 1640 scriptam
1994 1557 2358 1621 existimant.
2452 1555 2690 1637 Quodsi

681 1677 830 1740 haec
887 1697 1029 1739 vera
1073 1684 1135 1739 et
1178 1675 1411 1741 sincera
1454 1682 1544 1739 est
1558 1724 1578 1753 ‚
1635 1681 1868 1740 ceterae
1914 1697 2187 1760 quoque,
2234 1677 2350 1742 etsi
2393 1675 2501 1740 illa
2543 1677 2690 1740 infe-

679 1796 897 1873 τίοι-εδ,
960 1815 1085 1858 non
1143 1793 1375 1858 nullius
1435 1793 1619 1879 pretii
1664 1801 1843 1858 erunt
1886 1794 2232 1872 habendae3
2296 1795 2391 1860 sin
2443 1795 2585 1860 ficta
2629 1802 2690 1859 et

683 1912 1091 1998 suppositioni,
1123 1911 1392 1996 reliquae
1415 1919 1633 1997 sponte
1663 1920 1975 1977 corruunt.
2022 1912 2101 1976 In
2130 1935 2253 1996 qua
2274 1913 2529 1999 epistola
2552 1935 2689 1977 exa-

687 2032 976 2096 minanda
1021 2054 1213 2116 quum
1260 2031 1461 2097 adhuc
1507 2031 1699 2096 critici
1745 2054 1869 2096 non
1900 2054 2033 2096 eam
2064 2031 2417 2096 collocarint
2447 2053 2691 2117 operam

690 2172 875 2233 quam
903 2172 998 2214 res
1031 2150 1337 2235 postulat,
1373 2150 1448 2213 de
1478 2150 1594 2213 hac
1619 2147 1982 2238 *diligentius
2005 2150 2180 2215 nobis
2212 2151 2327 2214 erit
2356 2148 2689 2235 agendum,

688 2290 808 2352 quo
848 2268 925 2332 ad
970 2276 1306 2334 ceterarum
1345 2268 1650 2354 judicium
1682 2269 1778 2332 via
1808 2268 1985 2333 nobis
2014 2269 2209 2334 facilis
2240 2276 2303 2333 et
2326 2275 2533 2355 aperta
2556 2269 2688 2333 erit.
