3092 5084
1382 534 1461 595 85

420 740 692 805 omnium
717 762 873 824 quae
890 740 1220 825 Dionysius
1246 740 1505 825 superbe
1531 748 1592 805 et
1615 741 1964 827 importune
1988 743 2212 806 faceret
2229 765 2432 806 suaso-

418 882 546 923 rem
572 859 630 923 ei
653 859 841 923 fuisse
863 859 1199 923 Platonem.
1253 859 1348 923 Ad
1373 859 1522 923 haec
1546 866 1872 944 postquam
1894 860 2193 946 Dionysio
2216 862 2282 925 in
2313 884 2431 925 me-

417 978 668 1042 moriam
701 978 1038 1056 revocavit,
1084 1001 1147 1041 se
1194 968 1333 1042 cum
1362 977 1471 1041 illo
1495 978 1652 1042 nihil
1673 978 1797 1043 fere
1819 985 1929 1044 τῶν
1954 986 2254 1045 πολιτικῶν
2279 987 2432 1044 trac-

418 1104 578 1160 tasse
638 1096 760 1159 nisi
816 1094 984 1160 ἄλλοι
1030 1121 1096 1159 τε
1147 1096 1391 1176 βραχέαι
1434 1094 1598 1167 ἅττ-,οε
1643 1096 1742 1160 καὶ
1790 1096 1915 1178 περὶ
1961 1098 2042 1163 τὰ
2087 1103 2198 1163 τῶν
2246 1099 2430 1175 νόμων

416 1214 683 1296 προοίμια
750 1211 1166 1279 σπουδάσαντα
1232 1214 1313 1298 (p.
1387 1216 1514 1278 316
1587 1216 1700 1299 A),
1766 1215 1892 1300 jam
1960 1214 2038 1279 ad
2104 1223 2430 1302 utramque

413 1332 893 1397 criminationem
940 1355 1002 1396 se
1045 1354 1477 1417 responsurum
1524 1331 1676 1397 dicit
1707 1358 1719 1395 :
1769 1332 1904 1413 πρὸς
1948 1332 2041 1397 δύο
2087 1332 2152 1408 δή
2198 1358 2293 1410 μοι
2318 1335 2439 1400 Ber—-

414 1450 528 1523 τᾶς
572 1450 893 1528 ἀναγκαῖον
937 1450 1278 1524 ποιήσασθαι
1324 1450 1435 1522 τὰς
1480 1450 1828 1528 ἀπολογίαις.
1886 1450 2158 1515 Primum
2204 1451 2429 1516 crimen

416 1568 657 1654 repellit
717 1568 1125 1634 ostendendo:
1184 1572 1257 1639 ὡς
1313 1569 1540 1643 εἰκότως
1587 1594 1671 1634 σοι
1717 1569 1937 1649 ἔφυγον
1981 1578 2252 1637 κοινωνεῖν
2300 1572 2425 1653 περὶ

413 1689 497 1753 τὰ
540 1696 644 1762 τῆς
691 1686 910 1761 πόλεως
956 1690 1319 1769 πράγματα.
1410 1688 1487 1752 Id
1534 1688 1752 1773 probat
1803 1710 1834 1752 e
1866 1690 2224 1755 commercio
2257 1691 2423 1774 quod

415 1808 533 1892 ipsi
587 1805 897 1893 Syracusis
944 1806 1191 1891 degenti
1236 1828 1376 1870 cum
1423 1806 1720 1891 Dionysio
1765 1807 2236 1885 intercessisset,
2286 1814 2348 1871 et
2392 1831 2425 1872 e

416 1926 653 1991 casibus
714 1948 868 2011 quos
929 1926 1015 1991 ibi
1072 1933 1229 1989 esset
1290 1932 1593 2011 expertus,
1685 1926 2021 2005 Memorat,
2070 1948 2262 2011 quum
2308 1928 2426 2012 pri-

413 2068 585 2111 mum
614 2045 875 2109 venisset
906 2043 1229 2129 Syracusas
1245 2094 1264 2122 ‚
1295 2044 1559 2109 Dionem
1572 2094 1590 2124 ‚
1624 2045 1925 2129 optimum
1955 2046 2182 2124 virum,
2217 2068 2252 2109 a
2281 2045 2426 2109 Dio-

412 2163 587 2249 nysio
633 2163 955 2248 expulsum
1000 2185 1129 2227 esse
1143 2212 1162 2241 ,
1205 2186 1268 2227 se
1311 2163 1378 2227 in
1411 2162 1554 2228 aula
1580 2163 1740 2227 inter
1769 2164 1950 2229 vilem
1981 2171 2422 2227 assentatorum

412 2282 659 2347 turbam
718 2288 1061 2361 retentum3
1122 2304 1159 2345 a
1218 2304 1341 2365 quo
1400 2289 1672 2367 tempore
1729 2282 1915 2347 missa
1975 2305 2039 2347 se
2083 2282 2295 2347 fecisse
2339 2283 2422 2348 τὰ

415 2401 689 2466 πολιτικὰ
705 2450 724 2484 ,
769 2400 957 2485 idque
1002 2423 1196 2464 unum
1244 2400 1435 2485 egisse
1479 2408 1554 2465 ut
1582 2399 1944 2485 Dionysium
1975 2407 2037 2464 et
2065 2400 2326 2466 Dionem
2357 2402 2421 2465 in

412 2518 671 2603 gratiam
717 2518 1150 2583 reconciliaret.
1218 2516 1532 2583 Postremo
1579 2541 1643 2582 se
1689 2541 1726 2582 a
1770 2518 2066 2604 Dionysio
2104 2518 2423 2583 dimissum

414 2660 544 2703 esse
603 2638 721 2701 hoc
779 2645 987 2722 pact0‚
1052 2643 1158 2716 ut,
1222 2637 1465 2721 quando
1525 2636 1758 2701 bellum
1820 2637 1987 2721 quod
2046 2644 2182 2702 tum
2227 2637 2302 2702 ab
2351 2660 2420 2702 eo

411 2756 736 2841 gerebatur
796 2756 1197 2841 compositum
1260 2762 1444 2834 esset,
1494 2778 1619 2819 una
1664 2778 1805 2819 cum
1849 2755 2049 2819 Dione
2094 2755 2421 2841 Syracusas

409 2882 828 2940 reverteretur.
922 2874 1079 2939 Pace
1138 2897 1280 2940 vero
1332 2875 1521 2953 facta,
1571 2898 1763 2959 quum
1806 2875 1938 2960 ipse
1984 2874 2150 2939 solus
2198 2897 2234 2939 a
2277 2874 2422 2939 Dio-

409 2994 585 3079 nysio
652 3001 1034 3058 revocaretur
1049 3043 1067 3073 ‚
1138 2993 1404 3080 primum
1474 3016 1537 3057 se
1604 2993 1671 3057 id
1733 2992 2047 3071 abnuisse,
2111 2999 2418 3078 postremo

409 3121 613 3178 tamen
672 3113 905 3177 triremi
950 3136 987 3177 a
1030 3135 1169 3198 rege
1212 3113 1486 3177 Athenas
1530 3112 1717 3176 missa
1762 3112 2114 3177 arcessitum
2130 3161 2149 3191 ‚
2197 3111 2416 3177 Dionis

411 3233 862 3316 amicorumque
908 3232 1154 3297 hortatu
1197 3232 1264 3295 in
1308 3230 1580 3295 Siciliam
1625 3230 1964 3316 profectum
2009 3253 2140 3295 esse
2153 3280 2172 3310 ‚
2207 3253 2278 3294 ea
2308 3253 2415 3316 spe

410 3354 537 3416 fore
595 3358 667 3415 ut
724 3357 976 3435 ruptum
1034 3350 1398 3435 Dionysium
1458 3349 1619 3414 inter
1679 3356 1740 3413 et
1800 3349 2062 3414 Dionem
2116 3349 2416 3414 amicitiae

408 3470 723 3534 vinculum
768 3475 1089 3555 repararet.
1182 3468 1393 3549 Quum
1438 3474 1642 3532 autem
1687 3467 2012 3553 Syracusas
2053 3468 2316 3532 venisset
2357 3475 2418 3532 et

410 3588 575 3673 apud
619 3594 945 3671 tyrannum
990 3608 1101 3671 pro
1143 3586 1336 3649 amico
1365 3585 1792 3664 intercederet,
1826 3607 1890 3648 se
1921 3584 2239 3649 fallacibus
2271 3584 2420 3649 Dio·

405 3707 569 3793 nysii
604 3704 913 3791 promissis
945 3727 1014 3768 ac
1045 3703 1202 3768 dolis
1236 3703 1475 3768 elusum
1507 3727 1638 3768 esse
1669 3711 1730 3768 et
1760 3704 2083 3789 deceptum
2098 3753 2116 3781 ‚
2152 3704 2413 3769 Dionem

406 3825 581 3891 bonis
642 3829 895 3888 exutum
910 3872 929 3901 ,
992 3821 1348 3887 familiarem
1396 3823 1525 3887 eius
1573 3821 1959 3887 Heraclidem
2005 3823 2274 3908 pulsum,
2322 3845 2413 3887 ce-

402 3953 562 4009 teros
610 3941 831 4005 amicos
879 3949 1111 4026 spretos
1160 3948 1221 4006 et
1264 3940 1507 4005 territos
1557 3962 1685 4005 esse
1700 3990 1719 4018 ‚
1763 3961 1834 4005 eo
1865 3946 2183 4026 praetextu
2196 3990 2215 4019 ,
2245 3940 2411 4024 quod

405 4063 668 4126 Dionem
711 4060 905 4145 pluris
957 4059 1223 4123 facerent
1268 4059 1521 4143 eiusque
1570 4059 1735 4123 salus
1782 4060 1974 4145 magis
2017 4058 2187 4123 cordi
2217 4058 2293 4122 iis
2323 4081 2411 4123 es-

404 4190 496 4248 set
540 4203 724 4265 quam
769 4179 1070 4264 Dionysii.
1138 4179 1306 4244 Haec
1323 4229 1341 4258 ‚
1388 4179 1626 4264 inquit,
1668 4178 2033 4244 documento
2082 4185 2228 4243 sunt
2259 4180 2408 4263 (τῆς)

407 4300 531 4382 περὶ
583 4299 667 4364 τὰ
711 4298 984 4365 πολιτικὰ
1027 4300 1309 4375 κοινωνίας
1362 4306 1464 4378 τῆς
1512 4300 1656 4377 ἐμῆς
1701 4299 1800 4366 καὶ
1847 4308 1980 4383 σῆς,
2024 4299 2086 4362 h.
2130 4320 2181 4362 e.
2227 4296 2405 4387 quale
