3092 5084
1683 476 1810 537 240

732 693 838 760 τῆς
912 683 1359 766 περιτρεχούσης
1432 683 1716 764 ἑταιρείας
1793 681 2014 756 ταύτης
2089 691 2197 758 τῆς
2270 689 2383 750 τῶν
2459 684 2747 751 πλείστων

728 803 940 882 Φίλων.
1815 797 1822 804 ’

818 921 941 986 Hic
971 922 1162 1008 igitur
1191 921 1313 986 fuit
1355 921 1519 988 fetus
1565 920 2040 989 obtrectatorum
2087 927 2151 986 et
2199 921 2708 988 calumniatorum
2722 972 2742 1000 ,

728 1041 838 1126 qui
889 1039 1163 1105 Platonis
1200 1041 1389 1106 vitam
1403 1089 1423 1120 ‚
1464 1061 1661 1106 mores
1677 1089 1697 1120 ,
1725 1038 2176 1126 philosophiam
2198 1047 2330 1104 atro
2355 1038 2615 1105 carbone
2638 1063 2744 1106 no-

724 1167 937 1226 tarunt
980 1166 1043 1225 et
1073 1161 1306 1249 justam
1352 1159 1668 1248 apologiae
1697 1160 2112 1246 praebuerunt
2139 1161 2471 1228 materiem.
2535 1159 2738 1243 Quam

726 1280 904 1371 scite
933 1301 1074 1344 vero
1120 1287 1184 1345 et
1226 1287 1368 1366 apte
1411 1278 1748 1346 defensoris
1793 1301 2047 1346 munere
2092 1280 2343 1345 functus
2390 1281 2474 1346 sit
2495 1279 2739 1366 Episto-

601 1399 606 1406 ”
720 1398 813 1464 lae
859 1399 1117 1485 scriptor
1130 1448 1151 1478 ‚
1192 1400 1319 1485 jam
1364 1399 1592 1486 passim
1637 1399 2197 1465 animadvertimus.
2291 1398 2478 1480 Quod
2525 1408 2730 1466 autem

722 1518 800 1584 ad
838 1491 1364 1584 consuetudinem'
1397 1517 1676 1584 Platonis
1729 1540 1870 1584 cum
1924 1518 2220 1604 Dionysio
2260 1519 2482 1584 attinet
2495 1567 2514 1598 ‚
2562 1520 2737 1584 nulla

721 1645 923 1724 potest
967 1662 1097 1704 esse
1142 1639 1507 1724 praeclarior
1552 1639 1821 1705 defensio
1865 1660 2053 1724 quam
2107 1638 2442 1704 exsulantis
2486 1640 2733 1724 tyranni

716 1759 1137 1824 testimonium
1146 1764 1165 1837 ,'
1212 1735 1381 1844 quod
1424 1757 1654 1844 legitur
1697 1758 1861 1845 apud
1905 1758 2308 1826 Plutarchum
2324 1808 2341 1837 ‚
2404 1756 2626 1824 Timol.
2675 1782 2730 1824 c.

723 1879 803 1942 15
821 1926 841 1957 ,
900 1879 1009 1962 qui
1060 1877 1419 1964 rogantibus
1465 1878 1833 1963 quibusdam
1848 1929 1869 1958 ‚
1919 1878 2066 1963 quid
2114 1878 2400 1944 utilitatis
2455 1901 2490 1944 e
2533 1877 2734 1965 philo-

716 1996 893 2082 sophi
938 1997 1381 2064 consuetudine
1427 1998 1720 2083 cepisset,
1765 1997 2121 2084 respondit:
2154 1998 2308 2064 οὐδέν
2340 2021 2423 2063 σοι
2459 1997 2733 2075 δοκοῦμεν

718 2115 829 2180 ὑπὸ
873 2116 1183 2188 Πλάτωνος
1230 2118 1578 2200 ὠφελεῖσθαι
1595 2169 1614 2193 ,
1649 2119 1842 2199 τύχης
1875 2117 2218 2195 μεταβολὴν
2251 2101 2396 2182 bb‘w
2418 2115 2688 2199 Φέροντες
2705 2143 2730 2192 ς

716 2234 997 2312 „nihilne
1040 2233 1152 2300 tibi
1200 2258 1233 2299 e
1277 2234 1554 2300 Platonis
1600 2234 1989 2300 institutione
2033 2235 2356 2320 profecisse
2411 2234 2688 2300 videmur
2705 2284 2726 2312 ,

716 2354 823 2438 qui
866 2353 1147 2420 fortunae
1190 2355 1596 2421 mutationem
1639 2366 1766 2420 tam
1812 2354 2050 2440 placide
2092 2354 2341 2421 ferimus
2359 2354 2427 2418 ?”

796 3171 938 3246 J'am
984 3181 1062 3246 ad
1090 3183 1269 3248 finem
1302 3184 1582 3268 pervenit
1609 3191 1818 3248 nostra
1847 3183 2217 3269 disquisitio.
2274 3182 2363 3248 Ut
2394 3183 2719 3269 praecipua

707 3323 909 3366 rerum
982 3302 1181 3387 capita
1235 3303 1446 3389 paucis
1508 3302 2041 3389 comprehendam,
2101 3325 2339 3368 summa
2397 3302 2546 3368 haec
2605 3310 2713 3366 est.

794 3409 1115 3485 Tredecim'
1155 3405 1311 3505 quae
1354 3421 1638 3486 feruntur
1682 3421 1956 3488 Platonis
2001 3421 2346 3507 Epistolae‚
2395 3421 2509 3486 etsi
2541 3443 2715 3506 argu·

702 3545 909 3605 mento
954 3546 1017 3604 et
1062 3540 1261 3605 colore
1305 3539 1629 3606 dissimiles
1639 3589 1660 3620 ,
1709 3548 2026 3626 cognatam
2072 3548 2276 3608 tamen
2318 3549 2426 3607 aut
2457 3541 2712 3608 vicinam

702 3657 973 3742 produnt
1032 3659 1347 3744 originem.
1442 3659 1670 3727 Omnes
1725 3661 1965 3728 vultum
2012 3669 2074 3727 et
2118 3663 2392 3730 habitum
2441 3664 2710 3730 referunt

704 3798 739 3840 a
799 3776 1073 3842 Platonis
1118 3779 1363 3864 ingenio
1409 3788 1471 3844 et
1514 3782 1788 3847 moribus
1835 3782 2162 3850 diversum.
2209 3783 2544 3872 Praecipua
2586 3793 2704 3850 tam

700 3917 901 3961 rerum
960 3897 1135 3982 copia
1194 3919 1377 3983 quam
1436 3901 1727 3966 orationis
1789 3901 1966 3966 cultu
2011 3913 2105 3967 est
2149 3902 2340 3981 VIP,
2390 3926 2546 3989 quae
2589 3927 2709 3969 ma·

700 4015 911 4080 teriem
957 3993 1078 4082 fere
1128 4019 1401 4084 continet
1446 4042 1478 4085 e
1524 4043 1648 4104 qua
1690 4029 1926 4087 ceterae
1956 4023 2080 4088 sint
2109 4023 2371 4089 effectae.
2428 4025 2707 4090 Proxime

700 4133 777 4197 ad
839 4133 995 4199 hanc
1057 4136 1352 4203 accedunt
1413 4137 1543 4204 HIa
1593 4149 1653 4205 et
1713 4137 1932 4222 VIII⁸‚
1996 4167 2153 4229 quae
2213 4145 2304 4210 illi
2347 4146 2433 4210 ita
2479 4145 2706 4210 similes

574 4302 578 4307 .
697 4261 842 4318 sunt
888 4262 958 4319 ut
1004 4256 1079 4321 ab
1127 4280 1252 4322 uno
1297 4259 1525 4326 artifice
1571 4264 1883 4348 potuerint
1928 4271 2056 4330 esse
2101 4268 2428 4333 confectae.
