3092 5084
1563 455 1684 513 120

594 665 859 730 ciendos,
894 665 978 727 Hi
1004 664 1228 728 Critiae
1247 664 1425 747 jussu
1452 662 1889 725 Theramenem
1915 660 1992 723 ad
2017 659 2387 749 supplicium
2405 684 2621 745 rapue-

594 791 742 846 runt
772 782 1079 867 (Xenoph.
1114 782 1199 845 II.
1236 784 1309 859 3.,
1340 782 1480 864 54);
1522 778 1707 841 iidem
1733 785 1911 842 antea
1949 777 2134 842 duces
2175 779 2250 842 ad
2279 778 2618 863 Arginusas

596 908 791 965 morte
822 900 1165 964 multarunt
1196 899 1450 984 (τούτους
1488 899 1594 975 μὲν
1626 894 1715 961 οὖν
1747 898 1794 961 οἱ
1819 896 2140 977 ταχθέντες
2167 898 2274 962 ὑπὸ
2297 903 2409 962 τῶν
2436 897 2619 976 νόμων

595 1017 795 1083 ἕνδεκα
854 1018 1203 1083 ἀπέκτειναν
1223 1068 1236 1082 .
1303 1016 1485 1080 Diod.
1534 1014 1736 1091 XIII,
1807 1018 1994 1100 102),
2051 1015 2355 1101 iidemque
2409 1002 2620 1101 postea

596 1138 902 1201 Socratem
964 1136 1365 1201 occidendum
1419 1142 1730 1199 curarunt.
1825 1135 2114 1199 Attamen
2161 1142 2308 1199 sunt
2354 1136 2461 1219 qui
2508 1136 2618 1198 hos

598 1257 1045 1323 undecimviros
1108 1257 1215 1341 qui
1261 1256 1374 1320 sub
1422 1254 1608 1319 XXX
1654 1254 1928 1339 tyrannis
1983 1254 2184 1332 fuere,
2253 1255 2328 1319 ab
2383 1254 2458 1317 iis
2513 1254 2622 1337 qui

598 1376 713 1439 sub
746 1377 1029 1462 populari
1062 1376 1351 1461 imperiO,
1403 1374 1668 1437 diversos
1716 1372 1902 1437 fuisse
1965 1373 2380 1451 contendunt3
2423 1374 2464 1456 ¹)
2497 1395 2620 1455 quo

596 1494 785 1572 1111111,
835 1500 907 1558 ut
954 1495 1203 1579 opinor,
1268 1500 1469 1579 potest
1530 1514 1659 1555 esse
1719 1490 2181 1576 improbabilius
2197 1540 2216 1569 ,
2282 1513 2359 1555 ne
2422 1491 2620 1555 dicam

596 1613 943 1678 absurdius
993 1613 1303 1677 Nimirum
1348 1610 1744 1675 statuendum
1793 1618 1982 1687 esset,
2033 1617 2140 1673 aut
2174 1610 2621 1675 undecimviros

492 1731 498 1735 ’
596 1731 714 1795 5111)
776 1731 962 1795 XXX
1022 1730 1295 1815 tyrannis
1366 1752 1507 1793 cum
1552 1728 1660 1792 illo
1709 1728 1873 1812 quod
1923 1727 2188 1791 diximus
2237 1728 2432 1791 officio
2480 1751 2618 1793 con-

602 1850 881 1935 junxisse
926 1850 1123 1915 officia
1164 1848 1504 1927 ἀστυνόμων
1551 1855 1614 1911 et
1657 1848 2032 1929 ἀγορανόμων
2043 1897 2062 1926 ,
2119 1856 2228 1911 aut
2273 1848 2396 1912 duo
2438 1849 2620 1913 simul

607 1970 795 2033 fuisse
828 1968 1083 2053 collegia
1113 1967 1696 2044 undecimvirorum‚
1748 1988 2009 2049 quorum
2057 1965 2230 2029 alteri
2262 1966 2484 2031 delicta
2530 1990 2616 2030 ca-

614 2088 825 2173 pitalia
876 2086 1202 2172 punirent,
1252 2085 1427 2149 alteri
1470 2086 1552 2149 τα
1599 2086 1655 2148 ἐν
1701 2082 1868 2149 ἄστει
1915 2096 2215 2171 curarent.
2309 2085 2620 2150 Posterius

604 2228 783 2269 nemo
845 2228 1029 2270 sanus
1090 2204 1334 2289 putabit
1345 2229 1364 2281 3
1414 2203 1586 2288 prius
1647 2202 1743 2265 vel
1801 2202 1938 2266 ideo
1993 2203 2425 2288 improbabile,
2477 2205 2622 2288 quia

608 2331 817 2388 tantus
881 2324 993 2388 sub
1057 2323 1239 2387 XXX
1301 2322 1447 2385 viris
1508 2323 1628 2385 fuit
1691 2322 2119 2387 damnatorum
2175 2347 2501 2401 numeruS,
2551 2331 2621 2387 ut

601 2444 701 2507 vix
762 2443 895 2506 aliis
950 2442 1209 2527 negotiis
1256 2459 1505 2527 possent
1550 2464 1780 2505 vacare.
1875 2440 2093 2525 Neque
2141 2424 2270 2506 ulla
2313 2451 2406 2507 est
2437 2466 2621 2507 causa

602 2586 710 2625 cur
757 2561 1074 2625 dubitetur
1116 2560 1473 2637 ἀστυνόμους
1523 2567 1584 2624 et
1628 2562 2062 2639 ἀγορανόμους,
2113 2584 2303 2645 aeque
2353 2584 2422 2625 ac
2469 2570 2621 2627 cete-

600 2702 698 2743 ros
754 2680 1145 2763 magistratus
1200 2678 1558 2763 plerosque,
1611 2679 1792 2743 etiam
1841 2678 1955 2743 sub
2005 2678 2190 2746 XXX
2239 2679 2382 2743 viris
2413 2680 2618 2744 fuisse.

600 2798 771 2879 Quid
816 2798 1055 2863 multa?
1124 2798 1521 2863 Manifestum
1569 2799 1820 2883 opinor,
1869 2799 2039 2864 hunc
2079 2799 2282 2862 locum
2301 2849 2318 2877 ,
2369 2800 2474 2883 qui
2521 2799 2622 2863 ad-

605 2919 725 2983 huc
773 2942 922 2982 crux
966 2919 1087 2981 fuit
1131 2918 1529 3002 interpretum
1551 2968 1568 2995 ‚
1628 2918 1720 2984 uti
1773 2918 1972 2982 verbis
2019 2919 2314 2982 obscurus
2363 2926 2488 2995 est,
2538 2919 2622 2983 ita

602 3037 783 3101 rebus
846 3060 975 3103 esse
1034 3038 1394 3114 confusum,
1461 3043 1643 3122 atque
1706 3044 2014 3102 auctorem
2063 3037 2316 3122 prodere
2363 3038 2464 3101 cui
2509 3060 2620 3103 nec

602 3178 797 3220 sermo
856 3156 1205 3220 Atticorum
1266 3178 1464 3239 neque
1525 3154 1812 3219 instituta
1872 3156 2059 3240 probe
2106 3164 2308 3220 essent
2353 3158 2616 3243 cognita.

605 3275 868 3361 Legerat
926 3276 1183 3360 scriptor
1227 3275 1393 3360 pacis
1439 3274 1597 3339 illud
1644 3274 1856 3339 foedus
1903 3282 2044 3360 post
2089 3277 2375 3361 expulsos
2421 3285 2622 3362 tyran-

606 3418 717 3459 nos
764 3396 923 3458 inter
970 3394 1127 3457 cives
1172 3393 1396 3457 initum
1414 3443 1431 3471 ,
1492 3416 1615 3476 quo
1659 3394 1962 3472 ἀμνηστία
2004 3394 2368 3479 injuriarum
2413 3402 2475 3459 et
2515 3396 2623 3459 im-

608 3513 855 3598 punitas
909 3534 1193 3576 concessa
1248 3511 1531 3576 omnibus
1608 3512 1761 3584 πλὴν
1819 3518 1930 3575 τῶν
1989 3511 2296 3588 τριάκοντα
2355 3515 2454 3578 καὶ
2510 3520 2621 3579 τῶν

607 3630 809 3697 ἕνδεκα
854 3632 951 3696 καὶ
999 3637 1109 3696 τῶν
1151 3633 1208 3695 ἐν
1252 3637 1511 3709 Πειραιεῖ
1549 3630 1844 3710 ἀρξάντων
1891 3632 2027 3696 δέκα
2075 3632 2378 3717 (Xenoph.
2427 3633 2514 3697 II.
2543 3638 2618 3711 4,

610 3754 715 3815 38.
779 3749 1015 3813 Andoc.
1063 3748 1139 3813 de
1198 3748 1382 3833 Myst.
1430 3751 1465 3833 ᾧ
1510 3752 1640 3833 420).
1733 3748 1864 3813 Hos
1911 3772 2118 3814 omnes
2166 3750 2270 3814 ille
2315 3751 2381 3815 in
2428 3774 2620 3815 unum

611 3868 936 3953 collegium
998 3866 1277 3931 confudit
1340 3874 1401 3931 et
1447 3866 1706 3931 Athenis
1760 3870 2095 3953 praefectos
2150 3869 2444 3954 imposuit
2495 3870 2618 3949 LI,

677 4156 723 4217 1)
775 4155 1075 4205 Hermannus
1123 4154 1174 4203 in
1224 4170 1423 4204 censura
1468 4152 1579 4202 libri
1614 4154 1851 4213 Scheibii,
1907 4154 1998 4203 Die
2033 4154 2261 4218 oligarch.
2303 4156 2522 4205 Umwalz.
2561 4174 2618 4207 zu

612 4251 797 4310 Athen,
834 4268 951 4318 quae
986 4254 1139 4301 exstat
1172 4252 1223 4299 in
1256 4250 1421 4302 Jahrb.
1457 4252 1535 4303 fiir
1570 4251 1710 4302 wiss-
1745 4250 1933 4313 Kritik,
1970 4252 2115 4301 1842.
2150 4252 2193 4303 I.
2227 4269 2273 4321 p.
2311 4253 2424 4307 146.
