3092 5084
1659 466 1782 529 158

698 671 865 737 πόλιν
904 673 1279 753 ἐλευθεροῖ,
1325 674 1535 750 τιμὴν
1581 672 1740 754 αὐτῷ
1784 672 1883 738 καὶ
1933 673 2084 751 γένει
2129 673 2423 757 ἀείζωον
2470 675 2600 741 ἀντὶ
2634 700 2733 741 τυ·

695 793 938 873 ραννίδος
978 791 1265 874 ἐφημέρου
1314 791 1411 856 καὶ
1460 792 1657 857 ἀδίκου
1703 792 2008 869 κτώμενος.
2073 792 2189 860 Ille
2229 793 2556 879 Syracusas
2595 796 2728 879 qui-

694 912 835 977 dem
873 934 909 975 a
956 909 1223 996 Oallippi
1267 909 1682 978 dominatione
1723 912 2034 990 liberavit,
2078 912 2184 979 sed
2208 912 2393 998 hujus
2427 913 2562 977 loeo
2593 913 2726 998 ipse

693 1030 1014 1115 occupavit
1056 1028 1475 1115 tyrannidem,
1524 1052 1682 1114 quae
1727 1030 1965 1117 imperii
2011 1032 2272 1098 mutatio
2311 1032 2723 1119 chivibus

693 1148 963 1213 multum
1018 1148 1319 1233 profuerit
1334 1198 1352 1227 ,
1418 1157 1511 1213 est
1556 1148 1723 1234 quod
1769 1148 2014 1215 dubites
2031 1198 2050 1227 ,
2094 1150 2147 1214 si
2200 1150 2353 1236 legis
2406 1149 2726 1215 Plutarchi

694 1265 879 1331 verba
952 1266 1017 1331 in
1090 1265 1471 1333 Timoleonte
1489 1317 1509 1345 ,
1573 1290 1625 1332 e.
1695 1270 1764 1332 l:
1827 1268 1993 1334 Ἐπεὶ
2051 1267 2205 1335 Δίων
2265 1270 2372 1347 μὲν
2433 1267 2724 1345 ἐξέλασας

698 1385 987 1453 Διονύσιον
1032 1386 1128 1451 τὸν
1174 1384 1437 1467 τύραννον
1484 1383 1646 1463 εὐθὺς
1691 1384 1920 1467 ἀνῃρέθη
1967 1385 2112 1467 δόλῳ
2126 1434 2147 1465 ,
2195 1386 2294 1451 καὶ
2338 1386 2642 1462 διέστησαν
2674 1386 2722 1450 οἱ

694 1502 799 1567 σὺν
854 1503 1025 1579 Δίωνι
1064 1503 1479 1585 Συρακουσίους
1520 1504 2032 1587 ἐλευθερώσαντες,
2074 1506 2109 1580 ἡ
2148 1506 2216 1568 δὲ
2254 1504 2457 1576 πόλις
2495 1504 2587 1570 ἄλ
2599 1520 2718 1573 λον

695 1619 768 1697 ἐξ
834 1622 1057 1687 ἄλλου
1120 1622 1665 1701 μεταβαλοῦσα
1725 1623 2052 1702 τύραννον
2107 1621 2517 1709 (Callippum,
2566 1622 2720 1709 Hip-

696 1740 1015 1824 parinum,
1063 1738 1376 1826 Nysaeum
1393 1790 1413 1819 ,
1461 1740 1828 1827 Dionysium
1873 1742 2191 1831 minorem)
2238 1742 2370 1807 ὑπὸ
2409 1743 2722 1817 πλήθους

696 1864 925 1927 κακῶν
969 1858 1210 1941 μικρὸν
1256 1859 1618 1925 ἀπέλιπεν
1666 1860 1921 1940 ἔρημος
1969 1857 2148 1926 εἶναι
2194 1861 2334 1926 xrs.
2404 1858 2624 1945 Itaque
2655 1860 2724 1924 in

699 1977 865 2041 omni
926 1977 1039 2041 hac
1100 1977 1448 2043 narratione
1512 1978 1898 2061 agnoscimus
1961 1978 2266 2043 rhetorem
2311 2000 2421 2068 pro
2463 1977 2722 2057 ,arbitrio

697 2118 793 2159 res
841 2102 1166 2181 augentem
1212 2095 1309 2161 vel
1352 2096 1750 2161 minuentem.

785 2333 1158 2399 Refer-untur
1202 2334 1384 2397 etiam
1430 2332 1729 2418 quaedam
1776 2355 1809 2398 e
1854 2333 2129 2418 priorum
2159 2341 2504 2418 temporum
2531 2333 2722 2398 histo-

697 2453 788 2516 ria
831 2474 1030 2537 neque
1078 2459 1356 2518 accurate
1401 2474 1602 2539 neque
1649 2474 1680 2515 e
1726 2458 1926 2517 mente
1972 2450 2267 2516 Platonis.
2343 2449 2716 2515 Huiusmodi

699 2580 843 2636 sunt
889 2595 1045 2657 quae
1089 2574 1155 2636 in
1200 2571 1479 2657 Epistola
1525 2570 1687 2651 VII,
1740 2596 1797 2658 p.
1855 2574 1978 2637 332
2000 2622 2021 2650 ,
2079 2571 2153 2636 de
2199 2570 2373 2636 Darii
2420 2592 2606 2655 regno
2655 2576 2717 2634 et

699 2689 774 2755 de
837 2691 1218 2757 Athenarum
1263 2691 1612 2776 principatu
1658 2691 2046 2775 dicuntur.1)
2137 2689 2420 2775 Dionysii
2463 2690 2712 2753 maioris

698 2810 1021 2895 imperium
1082 2816 1392 2894 comparat
1452 2832 1591 2873 cum
1638 2808 1810 2873 Darii
1855 2830 2044 2893 regno
2091 2815 2151 2872 et
2199 2830 2340 2871 cum
2386 2806 2720 2871 Athenien·

699 2927 857 2991 sium
933 2928 1279 3012 principatu
1299 2976 1318 3004 ,
1393 2948 1654 3010 quorum
1715 2925 1826 2989 hos
1901 2925 2223 2989 immodice
2299 2924 2575 3003 extollit,
2647 2924 2719 2989 il-

698 3046 828 3109 lum
874 3045 1177 3131 deprimit.
1226 3044 1420 3108 Totus
1469 3044 1569 3109 hio
1613 3044 1784 3109 loeus
1842 3066 2160 3129 expressus
2209 3051 2300 3108 est
2345 3066 2378 3107 e
2423 3043 2716 3122 Platone,

699 3164 804 3229 sed
864 3164 985 3241 ita,
1051 3172 1123 3228 ut
1182 3164 1248 3229 in
1301 3164 1491 3228 altero
1537 3163 2010 3250 philosophum,
2059 3164 2124 3228 in
2169 3163 2362 3228 altero
2408 3163 2716 3227 rhetorem

696 3280 873 3345 faoile
920 3303 1231 3367 agnosoaS.
1321 3281 1499 3346 Plato
1548 3281 1758 3369 (Legg.
1799 3280 1908 3347 III
1921 3330 1940 3360 ,
1975 3304 2035 3367 p.
2071 3284 2200 3345 694
2232 3283 2388 3366 sqq.)
2419 3289 2716 3365 tanquam

697 3400 973 3485 exempla
987 3451 1005 3478 ,
1050 3400 1307 3465 alterum
1351 3401 1690 3474 δεσποτείας
1704 3452 1722 3477 ,
1764 3400 2023 3465 alterum
2053 3400 2392 3480 ἐλευθερίας,
2427 3401 2715 3485 proponit

696 3542 953 3605 regnum
1011 3520 1331 3586 Persarum
1386 3528 1449 3585 et
1492 3520 1931 3606 rempublicam
1976 3519 2446 3586 Atheniensium
2464 3568 2483 3599 ‚
2534 3526 2606 3583 ut
2649 3520 2716 3585 in

698 3637 793 3700 his
854 3637 1243 3716 ostendatur,
1309 3637 1532 3722 quibus
1595 3639 1795 3703 causis
1856 3612 2132 3702 civitates
2193 3645 2469 3703 crescant
2523 3646 2583 3700 et
2629 3637 2715 3701 la-

697 3756 939 3821 bantur.
1032 3755 1261 3820 Noster
1321 3757 1499 3821 ambo
1563 3758 1711 3821 haee
1764 3757 2019 3843 imperia
2073 3763 2381 3842 comparat
2433 3778 2573 3819 cum
2626 3762 2717 3841 ty-

696 3874 949 3939 rannide
1008 3874 1321 3959 Dionysii,
1379 3884 1450 3940 ut
1496 3883 1798 3960 quantum
1854 3876 2002 3939 haec
2047 3876 2170 3939 illis
2223 3872 2472 3939 inferior
2531 3874 2719 3937 fuerit

694 4001 1002 4079 appareat.
1110 3992 1275 4057 Talis
1344 3995 1716 4080 comparatio
1785 4000 2156 4079 quantopere
2199 3992 2527 4071 claudicet,
2577 3993 2714 4077 quis

769 4249 817 4311 l)
854 4250 1089 4300 Disseruit
1123 4250 1181 4299 de
1214 4251 1305 4299 hoc
1338 4250 1444 4301 loeo
1479 4251 1732 4310 Salomon,
1767 4250 1820 4300 11.
1853 4266 1903 4315 p.
1943 4250 2020 4301 18.
