3092 5084
1553 468 1674 529 134

594 677 906 762 Epistolae
969 676 1227 759 scriptor
1284 682 1532 757 tangere
1596 674 1836 738 videtur
1854 724 1872 750 ,
1937 696 2128 757 quum
2169 678 2464 739 Ἰταλικῶν
2509 676 2608 739 καὶ

597 798 955 877 Συρακοσίων
1000 791 1293 873 τραπεζῶν
1334 791 1706 876 opulentiam
1757 798 1818 855 et
1862 814 2101 855 morum
2147 791 2454 855 lasciviam
2485 804 2611 855 tam.

597 936 798 977 severe
859 912 1185 996 vituperat.
1281 910 1440 973 Mihi
1492 910 1752 973 maxime
1799 910 2108 994 probabile
2153 911 2397 976 videtur
2443 911 2612 995 quod

595 1031 805 1117 Nepos
837 1053 969 1115 cap.
996 1033 1055 1107 2,
1092 1030 1439 1107 Timaeum,
1466 1028 1681 1106 cred0,
1709 1029 1802 1092 vel
1835 1028 2152 1113 Ephorum
2187 1037 2466 1108 secutUS,
2494 1038 2612 1094 tra-

597 1150 720 1213 dit:
762 1172 955 1232 quum
986 1148 1051 1211 in
1082 1146 1349 1211 Siciliam
1383 1147 1617 1231 perlata
1650 1154 1806 1210 esset
1839 1147 1999 1211 fama
2037 1148 2352 1213 Platonem
2393 1150 2616 1213 Taren-

595 1276 728 1333 tum
773 1267 1043 1344 venisse,
1082 1266 1449 1350 Dionysium
1472 1266 1662 1330 Dioni
1685 1265 2086 1345 adolescenti,
2116 1256 2415 1351 quiillius
2443 1269 2612 1332 audi-

595 1388 737 1452 endi
782 1382 1120 1470 cupiditate
1167 1385 1482 1468 flagraret,
1530 1407 1751 1468 negare
1793 1408 1912 1448 non
1955 1386 2228 1469 potuisse
2270 1387 2420 1470 quin
2469 1409 2610 1450 eum

592 1512 953 1581 arcesseret3
994 1504 1203 1586 itaque
1234 1502 1429 1585 (dicit)
1458 1525 1726 1587 „magna
1759 1524 1898 1566 eum
1929 1503 2260 1567 ambitione
2283 1503 2612 1589 Syracusas

597 1621 943 1708 perduxit.''
1014 1619 1203 1699 Quod
1246 1643 1391 1684 sane
1421 1620 1618 1683 multo
1648 1621 1839 1705 magis
1872 1629 1964 1685 est
1995 1622 2083 1685 rei
2114 1630 2608 1687 consentaneum.

595 1741 833 1805 Notum
881 1746 973 1803 est
1018 1740 1208 1817 enim,
1257 1739 1622 1823 Dionysium
1651 1740 1938 1803 maiorem
1969 1740 2230 1804 multum
2266 1763 2480 1826 operae
2511 1740 2610 1805 de-

598 1859 759 1923 disse
818 1858 1011 1922 literis
1074 1880 1184 1921 nec
1251 1856 1481 1941 quidqu
1492 1880 1588 1920 am
1633 1858 1824 1942 magis
1872 1858 1925 1921 ei
1971 1881 2151 1923 curae
2195 1859 2382 1922 fuisse
2428 1882 2613 1944 quam

602 1985 674 2042 ut
736 1977 877 2040 aula
936 1976 1313 2059 Syracusana
1374 1998 1410 2038 a
1471 1976 1665 2060 poetis
1728 1982 1788 2040 et
1849 1976 2043 2041 doctis
2108 1977 2532 2043 celebraretur.
2561 1980 2617 2063 l)

597 2096 767 2177 Quid
826 2076 1017 2179 igitur
1078 2095 1301 2159 mirum
1361 2095 1413 2157 si
1474 2094 1794 2159 Platonem
1849 2118 2094 2179 quoque
2137 2119 2359 2181 magno
2405 2096 2613 2161 studio

528 2240 531 2243 ’
596 2216 674 2281 ad
718 2238 783 2279 se
826 2213 1101 2277 vocavit?
1164 2211 1357 2277 Nulla
1401 2236 1542 2277 vero
1591 2220 1684 2277 est
1730 2237 1912 2277 causa
1960 2236 2070 2279 cur
2115 2215 2459 2300 opinemur,
2495 2215 2614 2280 Ne-

596 2341 800 2419 potem
862 2354 1059 2396 errore
1118 2331 1185 2395 in
1244 2330 1606 2415 Dionysium
1672 2333 1958 2397 maiorem
2012 2333 2398 2397 transtulisse
2446 2334 2614 2417 quod

595 2458 809 2537 postea
850 2450 1013 2515 filius
1054 2450 1183 2513 eius
1216 2450 1428 2513 fecisse
1458 2449 1753 2528 traditur,
1805 2474 1998 2535 quum
2028 2451 2349 2516 Platonem
2379 2452 2612 2517 triremi

600 2570 860 2635 Athenis
894 2575 1234 2632 arcesseret.
1282 2568 1453 2631 Illud
1500 2576 1662 2633 certe
1705 2592 2091 2657 nequaquam
2124 2570 2445 2646 credibile,
2479 2570 2616 2633 Pla-

596 2696 833 2765 tonem,
864 2694 938 2751 ut
968 2686 1034 2749 in
1067 2686 1324 2771 epistola
1352 2686 1578 2770 legitur
1587 2736 1605 2765 ,
1653 2687 1820 2773 κοινοὶΙ
1859 2687 2048 2767 τύχην
2083 2696 2143 2753 et
2183 2695 2408 2753 temere
2439 2688 2614 2773 Syra-

598 2828 773 2870 cusas
821 2804 1092 2868 delatum
1139 2827 1285 2867 esse.
1358 2804 1646 2868 Ceterum
1669 2797 1744 2869 de
1767 2805 2099 2889 DionysiO,
2144 2806 2450 2889 quomodo
2475 2806 2612 2871 Pla-

598 2934 803 2988 tonem
852 2922 1185 3006 exceperit,
1242 2945 1425 3006 quam
1471 2922 1758 3006 probrose
1806 2946 1946 2987 eum
1995 2923 2291 2987 dimiserit
2308 2972 2328 3001 ,
2379 2924 2442 2987 in
2493 2925 2616 3008 epi-

554 3119 557 3123 ·
596 3042 754 3106 stola
798 3064 876 3105 ne
921 3040 1173 3105 verbum
1220 3018 1487 3123 quidem.
1553 3040 1756 3104 Etiam
1799 3042 1865 3104 in
1911 3064 2041 3126 sqq.
2091 3064 2150 3126 p.
2200 3044 2326 3104 331
2368 3042 2462 3119 D,
2505 3041 2617 3105 ubi

596 3168 888 3225 memorat
918 3159 1171 3223 consilia
1199 3158 1590 3243 Syracusanis
1625 3183 1660 3222 a
1683 3183 1746 3223 se
1771 3152 1913 3223 data
1936 3160 2011 3224 de
2033 3159 2410 3225 emendanda
2435 3182 2614 3245 repu-
2713 3208 2718 3215 .

598 3280 789 3357 blica,
836 3278 1112 3361 loquitur
1157 3277 1233 3342 de
1263 3278 1556 3363 Dionysio
1607 3280 1836 3344 minore
1869 3288 1928 3343 et
1960 3278 2036 3343 de
2067 3279 2295 3357 Dione,
2331 3280 2408 3344 de
2438 3286 2612 3364 patre

601 3398 791 3475 nihil;
840 3404 912 3461 ut
957 3396 1345 3460 manifestum
1392 3396 1506 3474 sit,
1555 3420 1696 3461 eum
1741 3398 1882 3461 data
1927 3420 2110 3482 opera
2151 3398 2216 3461 id
2261 3398 2490 3481 egisse,
2539 3404 2613 3461 ut

671 3666 719 3727 1)
752 3666 967 3715 Fuerunt
997 3666 1045 3714 in
1080 3666 1180 3715 eius
1218 3666 1325 3715 aula
1360 3670 1543 3730 praeter
1579 3665 1834 3715 Philistum
1869 3670 1918 3715 et
1950 3666 2198 3715 Platonem
2233 3667 2393 3731 plures
2416 3669 2614 3731 poetae,

605 3778 631 3810 e
674 3762 843 3825 quibus
887 3762 1134 3811 Philoxeni
1182 3766 1232 3811 et
1284 3761 1596 3825 Antiphontis
1638 3761 1804 3826 tragici
1852 3762 2044 3811 nomina
2077 3762 2202 3812 fama
2235 3762 2290 3810 ad
2327 3778 2414 3810 nos
2447 3777 2612 3825 perve-

605 3860 791 3904 nerunt.
878 3856 1150 3920 Tyrannum
1204 3857 1361 3921 ipsum
1420 3857 1666 3905 Musarum
1714 3856 1910 3905 cultoris
1957 3873 2129 3905 nomen
2187 3858 2425 3905 affectasse
2469 3860 2614 3905 testa-

605 3956 687 3999 tur
736 3951 877 4000 Diod.
939 3952 1049 4011 XV,
1094 3951 1158 4004 71
1208 3954 1277 4005 διὸ
1307 3956 1383 4004 καὶ
1426 3960 1669 4015 ποιήματα
1709 3957 1894 4021 γράφειν
1945 3954 2232 4011 ὑπεστήσατο
2277 3958 2426 4033 μετ-ἀὲ
2449 3955 2616 4013 πολλῆς

604 4048 796 4105 σπουδῆς
825 4050 901 4098 καὶ
930 4049 1031 4105 τοὺς
1058 4053 1101 4099 ἐν
1124 4048 1301 4107 τούτοις
1329 4050 1461 4107 δόξαν
1488 4052 1675 4114 ἔχρντας
1701 4055 2028 4111 μετεπέμπετο
2041 4086 2056 4112 ,
2087 4052 2162 4099 καὶ
2191 4058 2426 4119 προτιμῶν
2453 4051 2613 4108 αὐτοὺς

606 4143 881 4209 συνδιέτριβε
914 4145 990 4194 καὶ
1018 4154 1105 4194 τῶν
1135 4148 1401 4209 ποιημάτων
1430 4146 1682 4201 ἐπιστάτας
1714 4146 1790 4193 καὶ
1823 4144 2068 4211 διορθωτὰς
2099 4144 2232 4211 εἶχεν.
2291 4144 2398 4194 vid.
2433 4145 2582 4194 Grotc
2594 4182 2610 4206 ,

608 4236 715 4286 Vol.
748 4236 843 4296 xl,
876 4252 927 4301 p.
959 4238 1037 4288 36.
