3092 5084
1399 485 1513 544 105

443 692 536 756 οὶεὶ
581 694 699 773 χρὴ
735 742 748 757 .
786 742 799 755 .
838 743 853 757 .
902 694 1109 763 αὐτοὺς
1163 694 1219 755 ἐν
1266 692 1458 762 αὑτοῖς
1505 688 1712 768 ἄνδρας
1759 698 2042 769 προκρῖναι
2083 694 2195 753 τῶν
2217 686 2415 753 ἄλλων
2435 740 2451 763 ,

442 807 536 881 οὓς
598 810 669 876 ἂν
717 811 1103 875 πυνθάνωνται
1168 810 1429 891 οὶρίστους
1488 809 1657 880 ὄντας
1677 860 1694 882 ,
1759 815 1973 888 πρῶτον
2018 808 2125 884 μὲν
2179 806 2454 888 γέροντας

442 931 562 995 κτέ.
656 929 815 994 Item
861 952 1015 1014 quae
1060 929 1179 993 Dio
1226 929 1327 992 hic
1374 928 1449 993 de
1496 951 1607 992 sua
1668 928 1980 992 voluntate
2029 927 2189 992 dicit
2235 950 2294 1011 p.
2323 929 2448 993 357

444 1052 533 1112 A:
582 1050 746 1113 ταῦθ’
793 1050 925 1126 ὑμῖν
973 1050 1085 1127 ἐγὼ
1132 1048 1230 1113 καὶ
1270 1048 1375 1129 ζῶν
1412 1048 1681 1124 διενοήθην
1716 1048 2021 1126 γίγνεσθαι
2061 1047 2159 1111 καὶ
2197 1053 2293 1112 νῦν
2331 1047 2454 1111 δια-

404 1174 673 1262 ,νοοῦμαι
744 1169 846 1233 κτὲ
872 1217 885 1230 .
950 1168 1098 1231 haec
1162 1176 1440 1251 expressa
1486 1173 1633 1230 sunt
1679 1188 1751 1229 ex
1795 1166 1870 1229 iis
1920 1188 2072 1249 quae
2119 1164 2194 1229 de
2241 1166 2454 1231 eodem

429 1286 667 1375 scripta
713 1294 859 1349 sunt
904 1286 967 1349 in
1014 1285 1207 1369 Epist.
1257 1284 1419 1362 VII,
1469 1308 1528 1370 p.
1581 1286 1708 1348 335
1756 1283 1842 1347 E:
1936 1285 2139 1349 Δίωνα
2164 1283 2282 1364 γὰρ
2339 1286 2454 1362 ἐγὼ

440 1410 651 1487 σαφῶς
702 1400 835 1470 οἶδα
860 1456 875 1471 .
905 1457 919 1472 .
949 1457 963 1471 .
1021 1402 1104 1470 ὅτι
1164 1407 1267 1480 τὴν
1324 1406 1512 1486 ἀρχὴν
1575 1406 1622 1468 εἰ
1681 1403 1980 1485 κατέσχεν
2007 1454 2022 1469 .
2052 1455 2066 1468 .
2097 1456 2110 1469 .
2173 1405 2240 1469 τὸ
2293 1405 2454 1482 μετὰ

440 1528 599 1589 τοῦτ’
660 1523 731 1589 ἂν
751 1586 755 1591 ,
777 1524 939 1605 πασῃ
979 1534 1225 1605 μηχανῇ
1272 1522 1560 1602 ἐκόσμησε
1605 1522 1792 1601 νόμοις
1837 1530 1955 1595 τοῖς
2003 1524 2344 1603 προσήκουσί
2387 1549 2454 1587 τε

440 1643 539 1708 καὶ
602 1644 847 1722 οέρίστοις
907 1644 1037 1715 τοὺς
1100 1642 1373 1715 πολίτας,
1436 1642 1506 1707 τό
1565 1645 1620 1706 τ’
1673 1640 1886 1723 ἐφεξῆς
1947 1643 2166 1715 τούτοις
2227 1644 2458 1721 προύθυ-

440 1763 596 1838 ,κεῖτ’
652 1760 725 1825 ἂν
770 1760 989 1843 πρᾶξαι
1006 1810 1022 1837 ,
1068 1764 1271 1827 πᾶσαν
1318 1763 1595 1826 Σικελίαν
1640 1760 1974 1841 κατοικίζειν
2020 1762 2119 1825 καὶ
2160 1760 2456 1842 ἐλευθέραν

442 1880 564 1944 ἀπὸ
608 1886 719 1945 τῶν
767 1880 1077 1961 βαρβαρων
1122 1888 1317 1946 ποιεῖν.
1412 1879 1636 1965 Colligi
1680 1880 1822 1944 inde
1867 1887 2103 1965 potest,
2145 1880 2301 1944 hanc
2333 1880 2456 1965 epi-

393 2010 397 2015 '
441 1999 661 2063 stolam
722 2022 755 2063 e
816 2000 1123 2086 superiore
1168 2000 1415 2063 fluxisse
1460 2006 1521 2063 et
1564 1999 1751 2063 huius
1808 2022 1938 2064 esse
1985 2000 2160 2083 quasi
2213 2000 2455 2085 supple-

439 2124 752 2196 mentum,
840 2140 963 2202 quo
1033 2125 1396 2182 retractatur
1450 2117 1759 2197 ξυμβουλὴ
1821 2118 2214 2203 Syracusanis
2276 2118 2452 2196 data,

439 2238 597 2301 sicut
641 2236 918 2322 Epistola
962 2235 1067 2299 III
1114 2243 1204 2301 est
1251 2237 1428 2320 quasi
1479 2235 1908 2321 compendium
1955 2258 2164 2300 eorum
2199 2237 2449 2321 quaein

439 2356 635 2443 Epist.
683 2353 814 2419 VH
858 2355 933 2419 de
978 2355 1248 2419 Platonis
1294 2352 1616 2420 itineribus
1662 2355 1728 2419 in
1774 2354 2043 2419 Siciliam
2090 2356 2401 2440 leguntur.

528 2592 593 2657 Si
651 2593 907 2657 formam
968 2593 1151 2657 huius
1214 2594 1505 2679 epistolae
1551 2600 1788 2678 spectas
1807 2643 1825 2671 ,
1876 2594 2025 2657 haec
2071 2616 2318 2678 prorsus
2365 2616 2454 2658 re-

438 2712 558 2776 fert
587 2713 952 2792 δημηγορίαν.
1022 2712 1137 2777 Est
1167 2713 1517 2777 exercitatio
1550 2735 1582 2776 e
1615 2735 1831 2797 genere
1856 2713 2237 2791 suasionum,
2265 2713 2458 2777 abun-

440 2831 591 2895 dans
640 2831 985 2908 sententiis,
1018 2830 1357 2895 luminibus
1390 2839 1449 2895 et
1480 2831 1712 2915 figuris,
1775 2831 1963 2912 Quod
1994 2832 2115 2895 Dio
2149 2854 2220 2895 ex
2243 2832 2454 2896 inferis

436 2950 732 3015 excitatur
777 2956 839 3015 et
882 2950 1139 3033 loquens
1192 2950 1505 3014 inducitur
1520 3000 1538 3028 ‚
1588 2959 1806 3015 notum
1851 2957 1942 3015 est
1973 2958 2036 3014 et
2055 2950 2295 3014 illustre
2318 2950 2451 3014 rhe-

436 3077 637 3133 torum
684 3069 1025 3134 artificium.
1117 3068 1343 3133 Inserti
1389 3076 1536 3134 suut
1580 3070 1700 3134 loci
1747 3092 2096 3134 communes
2115 3120 2134 3148 ‚
2181 3092 2334 3154 quos
2365 3071 2455 3133 in-

438 3195 531 3251 ter
591 3188 816 3252 eminet
876 3187 1078 3251 hicce:
1144 3189 1437 3275 optimam
1485 3212 1614 3253 esse
1662 3188 1968 3253 civitatem
2014 3190 2079 3253 in
2127 3212 2249 3273 qua
2286 3189 2452 3268 νόμος

439 3305 519 3369 sit
585 3306 869 3382 βασιλεὺς
930 3312 1041 3369 τῶν
1099 3307 1425 3385 ἀνθρώπων,
1486 3308 1626 3371 ἀλλ’
1685 3310 1786 3372 οὐκ
1849 3305 2121 3385 ἄνθρωποι
2199 3306 2451 3387 τύραννοι

438 3424 641 3502 νόμων.
703 3447 764 3508 p.
829 3426 955 3488 345
1018 3424 1105 3503 B3
1156 3433 1217 3489 et
1263 3426 1370 3509 qui
1415 3425 1601 3511 paulo
1647 3432 1787 3510 post
1830 3426 2089 3510 legitur:
2139 3426 2350 3505 μετρία
2394 3424 2452 3488 δὲ

441 3546 475 3618 ἧ
518 3522 634 3623 θεῷ’
665 3543 924 3626 δουλεία,
972 3542 1220 3621 ἄμετρος
1266 3545 1326 3609 δὲ
1371 3548 1403 3621 ἦ
1449 3552 1567 3616 τοῖς
1627 3546 1928 3625 ἀνθρώποις
1956 3568 1970 3581 ·
2019 3546 2136 3616 θεὸς
2181 3542 2228 3607 δ’
2251 3544 2451 3622 ἀνθρώ·

441 3686 563 3733 ποις
608 3661 857 3743 σώφροσι
903 3660 1068 3738 νόμος
1088 3714 1103 3737 ,
1160 3661 1369 3743 ἄφροσι
1416 3664 1473 3727 δὲ
1517 3664 1696 3739 ἡδονή.
1791 3663 1966 3742 Quae
2010 3686 2150 3728 vero
2199 3664 2274 3728 de
2319 3664 2452 3748 ipsa

438 3780 807 3865 reipublicae
854 3780 1225 3845 ordinandae
1269 3782 1503 3846 ratione
1559 3781 1880 3860 dicuntur,
1931 3806 2002 3846 ea
2047 3791 2174 3847 tam
2198 3782 2453 3848 obscure

440 3906 500 3961 et
560 3899 810 3963 confuse
872 3901 1143 3985 exposita
1203 3908 1383 3978 sunt,
1443 3907 1515 3964 ut
1561 3901 1655 3965 vel
1700 3900 1842 3965 inde
1898 3924 2024 3966 non
2069 3925 2270 3967 veram
2317 3925 2455 3968 cau-

440 4040 565 4081 sam
610 4018 858 4081 tractari
904 4018 1144 4083 efficiaS.

526 4135 605 4200 In
664 4136 929 4201 dictione
989 4161 1209 4222 magna
1268 4138 1606 4202 similitudo
1653 4148 1743 4203 est
1789 4162 1928 4204 cum
1975 4139 2254 4225 Epistola
2298 4140 2447 4205 VII.

440 4252 583 4319 Non
646 4255 825 4319 modo
888 4256 1083 4321 simile
1146 4265 1239 4321 est
1289 4259 1611 4323 verborum
1657 4266 1718 4322 et
1764 4261 2200 4326 sententiarum
2246 4260 2448 4326 Plato-
