<?xml version="1.0" encoding="UTF-8"?>
<!DOCTYPE html PUBLIC "-//W3C//DTD XHTML 1.0 Transitional//EN"
    "http://www.w3.org/TR/xhtml1/DTD/xhtml1-transitional.dtd">
<html xmlns="http://www.w3.org/1999/xhtml" xml:lang="en" lang="en">
 <head>
  <title>
</title>
<meta http-equiv="Content-Type" content="text/html;charset=utf-8" />
  <meta name='ocr-system' content='tesseract 3.04.00' />
  <meta name='ocr-capabilities' content='ocr_page ocr_carea ocr_par ocr_line ocrx_word'/>
</head>
<body>
  <div class='ocr_page' id='page_1' title='image "./commentatiocrit01karsgoog_0126.png"; bbox 0 0 3092 5084; ppageno 0'>
   <div class='ocr_carea' id='block_1_1' title="bbox 1631 512 1712 571">
    <p class='ocr_par' dir='ltr' id='par_1_1' title="bbox 1631 512 1712 571">
     <span class='ocr_line' id='line_1_1' title="bbox 1631 512 1712 571; baseline 0 0"><span class='ocrx_word' id='word_1_1' title='bbox 1631 512 1712 571; x_wconf 85' lang='lat'><strong>98</strong></span> 
     </span>
    </p>
   </div>
   <div class='ocr_carea' id='block_1_2' title="bbox 576 704 2681 797">
    <p class='ocr_par' dir='ltr' id='par_1_2' title="bbox 576 704 2681 797">
     <span class='ocr_line' id='line_1_2' title="bbox 576 704 2681 797; baseline -0 -17"><span class='ocrx_word' id='word_1_2' title='bbox 576 704 582 711; x_wconf 41' lang='lat'>⁸</span> <span class='ocrx_word' id='word_1_3' title='bbox 662 717 939 796; x_wconf 81' lang='grc' dir='ltr'><em>ὀνείρατος</em></span> <span class='ocrx_word' id='word_1_4' title='bbox 1000 718 1269 795; x_wconf 69' lang='grc' dir='ltr'><em>γέγονεν,</em></span> <span class='ocrx_word' id='word_1_5' title='bbox 1327 714 1487 791; x_wconf 79' lang='grc' dir='ltr'><em>εἶπες</em></span> <span class='ocrx_word' id='word_1_6' title='bbox 1549 719 1608 783; x_wconf 73' lang='grc' dir='ltr'><strong>δὲ</strong></span> <span class='ocrx_word' id='word_1_7' title='bbox 1653 719 1751 784; x_wconf 76' lang='grc' dir='ltr'><strong>καὶ</strong></span> <span class='ocrx_word' id='word_1_8' title='bbox 1800 718 1951 797; x_wconf 73' lang='grc' dir='ltr'><em>μάλ’</em></span> <span class='ocrx_word' id='word_1_9' title='bbox 1993 718 2319 791; x_wconf 81' lang='grc' dir='ltr'><em>ἀπλάστως</em></span> <span class='ocrx_word' id='word_1_10' title='bbox 2365 720 2583 795; x_wconf 71' lang='grc' dir='ltr'><em>γελῶν,</em></span> <span class='ocrx_word' id='word_1_11' title='bbox 2633 716 2681 779; x_wconf 83' lang='grc' dir='ltr'><em>εἶ</em></span> 
     </span>
    </p>
   </div>
   <div class='ocr_carea' id='block_1_3' title="bbox 648 834 2682 4353">
    <p class='ocr_par' dir='ltr' id='par_1_3' title="bbox 654 834 2682 1513">
     <span class='ocr_line' id='line_1_3' title="bbox 660 834 2682 915; baseline -0.002 -14"><span class='ocrx_word' id='word_1_12' title='bbox 660 836 965 914; x_wconf 73' lang='grc' dir='ltr'><em>μέμνημαι</em></span> <span class='ocrx_word' id='word_1_13' title='bbox 1026 838 1099 909; x_wconf 78' lang='grc' dir='ltr'><strong>ὥς</strong></span> <span class='ocrx_word' id='word_1_14' title='bbox 1162 838 1537 902; x_wconf 65' lang='grc' dir='ltr'><strong>παιδευθέντα</strong></span> <span class='ocrx_word' id='word_1_15' title='bbox 1583 864 1664 915; x_wconf 85' lang='grc' dir='ltr'><strong>με</strong></span> <span class='ocrx_word' id='word_1_16' title='bbox 1707 839 1966 909; x_wconf 80' lang='grc' dir='ltr'><em>ἐκέλευες</em></span> <span class='ocrx_word' id='word_1_17' title='bbox 2013 844 2187 901; x_wconf 93' lang='grc' dir='ltr'><em>ποιεῖν</em></span> <span class='ocrx_word' id='word_1_18' title='bbox 2235 834 2436 902; x_wconf 84' lang='grc' dir='ltr'><em>πάντα</em></span> <span class='ocrx_word' id='word_1_19' title='bbox 2479 840 2682 901; x_wconf 80' lang='grc' dir='ltr'><em>ταῦτα</em></span> 
     </span>
     <span class='ocr_line' id='line_1_4' title="bbox 661 954 2679 1038; baseline 0 -21"><span class='ocrx_word' id='word_1_20' title='bbox 661 955 693 1030; x_wconf 79' lang='grc' dir='ltr'>ἢ</span> <span class='ocrx_word' id='word_1_21' title='bbox 741 955 825 1031; x_wconf 68' lang='grc' dir='ltr'><em>μὴ</em></span> <span class='ocrx_word' id='word_1_22' title='bbox 870 961 1047 1020; x_wconf 79' lang='grc' dir='ltr'><em>ποιεῖν</em></span> <span class='ocrx_word' id='word_1_23' title='bbox 1065 1006 1079 1021; x_wconf 88' lang='grc'><strong>.</strong></span> <span class='ocrx_word' id='word_1_24' title='bbox 1120 954 1321 1038; x_wconf 77' lang='grc' dir='ltr'><em>’Έφην</em></span> <span class='ocrx_word' id='word_1_25' title='bbox 1372 956 1487 1033; x_wconf 75' lang='grc' dir='ltr'><strong>ἐγὼ</strong></span> <span class='ocrx_word' id='word_1_26' title='bbox 1532 955 1834 1021; x_wconf 78' lang='grc' dir='ltr'><em>κάλλιστα</em></span> <span class='ocrx_word' id='word_1_27' title='bbox 1877 961 2266 1033; x_wconf 73' lang='grc' dir='ltr'><em>μνημονεῦσαι</em></span> <span class='ocrx_word' id='word_1_28' title='bbox 2315 966 2402 1018; x_wconf 73' lang='grc' dir='ltr'><em>σε.</em></span> <span class='ocrx_word' id='word_1_29' title='bbox 2453 956 2679 1019; x_wconf 82' lang='grc' dir='ltr'><em>Οὐκοῦν</em></span> 
     </span>
     <span class='ocr_line' id='line_1_5' title="bbox 658 1062 2680 1175; baseline -0.001 -38"><span class='ocrx_word' id='word_1_30' title='bbox 658 1072 1037 1139; x_wconf 67' lang='grc' dir='ltr'><strong>παιδευθέντα</strong></span> <span class='ocrx_word' id='word_1_31' title='bbox 1052 1126 1071 1151; x_wconf 83' lang='grc'><em>,</em></span> <span class='ocrx_word' id='word_1_32' title='bbox 1134 1062 1391 1157; x_wconf 75' lang='grc' dir='ltr'><strong>ἔφησθα,</strong></span> <span class='ocrx_word' id='word_1_33' title='bbox 1455 1082 1803 1153; x_wconf 72' lang='grc' dir='ltr'><em>γεωμετρεῖν</em></span> <span class='ocrx_word' id='word_1_34' title='bbox 1818 1126 1836 1155; x_wconf 92' lang='grc'>,</span> <span class='ocrx_word' id='word_1_35' title='bbox 1887 1074 1920 1151; x_wconf 79' lang='grc' dir='ltr'>ἢ</span> <span class='ocrx_word' id='word_1_36' title='bbox 1964 1079 2118 1150; x_wconf 80' lang='grc' dir='ltr'><strong>πῶς;</strong></span> <span class='ocrx_word' id='word_1_37' title='bbox 2177 1076 2358 1151; x_wconf 69' lang='grc' dir='ltr'><strong>Κάγὼ</strong></span> <span class='ocrx_word' id='word_1_38' title='bbox 2401 1074 2466 1138; x_wconf 82' lang='grc' dir='ltr'><strong>τὸ</strong></span> <span class='ocrx_word' id='word_1_39' title='bbox 2520 1072 2680 1175; x_wconf 79' lang='grc' dir='ltr'><strong>μετά</strong></span> 
     </span>
     <span class='ocr_line' id='line_1_6' title="bbox 658 1179 2679 1277; baseline -0 -22"><span class='ocrx_word' id='word_1_40' title='bbox 658 1198 859 1256; x_wconf 79' lang='grc' dir='ltr'><em>ταῦτα</em></span> <span class='ocrx_word' id='word_1_41' title='bbox 902 1179 929 1256; x_wconf 72' lang='grc' dir='ltr'><em>ὀ</em></span> <span class='ocrx_word' id='word_1_42' title='bbox 974 1194 1136 1274; x_wconf 73' lang='grc' dir='ltr'><em>ἐπῄει</em></span> <span class='ocrx_word' id='word_1_43' title='bbox 1181 1217 1276 1270; x_wconf 87' lang='grc' dir='ltr'><strong>μοι</strong></span> <span class='ocrx_word' id='word_1_44' title='bbox 1322 1196 1501 1258; x_wconf 79' lang='grc' dir='ltr'><em>εἰπεῖν</em></span> <span class='ocrx_word' id='word_1_45' title='bbox 1546 1196 1647 1258; x_wconf 83' lang='grc' dir='ltr'><strong>οὐκ</strong></span> <span class='ocrx_word' id='word_1_46' title='bbox 1693 1190 1848 1259; x_wconf 81' lang='grc' dir='ltr'><em>εἶπον</em></span> <span class='ocrx_word' id='word_1_47' title='bbox 1867 1244 1882 1272; x_wconf 91' lang='grc'><em>,</em></span> <span class='ocrx_word' id='word_1_48' title='bbox 1923 1192 2284 1277; x_wconf 83' lang='grc' dir='ltr'><em>φοβούμενος</em></span> <span class='ocrx_word' id='word_1_49' title='bbox 2321 1194 2406 1270; x_wconf 70' lang='grc' dir='ltr'><em>μὴ</em></span> <span class='ocrx_word' id='word_1_50' title='bbox 2442 1196 2679 1271; x_wconf 80' lang='grc' dir='ltr'><em>σμικροῦ</em></span> 
     </span>
     <span class='ocr_line' id='line_1_7' title="bbox 654 1309 2676 1392; baseline 0.003 -18"><span class='ocrx_word' id='word_1_51' title='bbox 654 1310 908 1389; x_wconf 75' lang='grc' dir='ltr'><em>ῥήματος</em></span> <span class='ocrx_word' id='word_1_52' title='bbox 967 1309 1135 1376; x_wconf 73' lang='grc' dir='ltr'><em>ἕνεκα</em></span> <span class='ocrx_word' id='word_1_53' title='bbox 1192 1313 1289 1377; x_wconf 79' lang='grc' dir='ltr'><strong>τὸν</strong></span> <span class='ocrx_word' id='word_1_54' title='bbox 1348 1311 1593 1379; x_wconf 77' lang='grc' dir='ltr'><em>ἔκπλουν</em></span> <span class='ocrx_word' id='word_1_55' title='bbox 1648 1312 1706 1377; x_wconf 81' lang='grc' dir='ltr'><strong>ὃν</strong></span> <span class='ocrx_word' id='word_1_56' title='bbox 1767 1312 2113 1392; x_wconf 78' lang='grc' dir='ltr'><em>προσεδόκων</em></span> <span class='ocrx_word' id='word_1_57' title='bbox 2131 1362 2146 1389; x_wconf 89' lang='grc'><em>,</em></span> <span class='ocrx_word' id='word_1_58' title='bbox 2201 1314 2285 1391; x_wconf 77' lang='grc' dir='ltr'><em>μή</em></span> <span class='ocrx_word' id='word_1_59' title='bbox 2335 1335 2431 1390; x_wconf 87' lang='grc' dir='ltr'><strong>μοι</strong></span> <span class='ocrx_word' id='word_1_60' title='bbox 2479 1310 2676 1381; x_wconf 77' lang='grc' dir='ltr'><em>στενὸς</em></span> 
     </span>
     <span class='ocr_line' id='line_1_8' title="bbox 657 1428 1879 1513; baseline 0.005 -22"><span class='ocrx_word' id='word_1_61' title='bbox 657 1428 719 1513; x_wconf 91' lang='grc'><strong>(1.</strong></span> <span class='ocrx_word' id='word_1_62' title='bbox 768 1428 985 1513; x_wconf 82' lang='grc' dir='ltr'><em>στένος)</em></span> <span class='ocrx_word' id='word_1_63' title='bbox 1030 1430 1287 1507; x_wconf 70' lang='grc' dir='ltr'><em>γίγνοιτο</em></span> <span class='ocrx_word' id='word_1_64' title='bbox 1332 1433 1463 1495; x_wconf 87' lang='grc' dir='ltr'><em>ἀντ’</em></span> <span class='ocrx_word' id='word_1_65' title='bbox 1508 1432 1879 1511; x_wconf 78' lang='grc' dir='ltr'><em>εὐρυχωρίας.</em></span> 
     </span>
    </p>

    <p class='ocr_par' dir='ltr' id='par_1_4' title="bbox 648 1544 2680 4353">
     <span class='ocr_line' id='line_1_9' title="bbox 744 1544 2675 1631; baseline -0.001 -22"><span class='ocrx_word' id='word_1_66' title='bbox 744 1544 821 1609; x_wconf 85' lang='lat' dir='ltr'><strong>In</strong></span> <span class='ocrx_word' id='word_1_67' title='bbox 869 1546 1067 1611; x_wconf 86' lang='lat' dir='ltr'><strong>verbis</strong></span> <span class='ocrx_word' id='word_1_68' title='bbox 1118 1548 1263 1612; x_wconf 83' lang='grc' dir='ltr'><em>αὐτὸ</em></span> <span class='ocrx_word' id='word_1_69' title='bbox 1309 1553 1480 1613; x_wconf 84' lang='grc' dir='ltr'><em>τοῦτο</em></span> <span class='ocrx_word' id='word_1_70' title='bbox 1500 1595 1514 1612; x_wconf 90' lang='grc'><strong>.</strong></span> <span class='ocrx_word' id='word_1_71' title='bbox 1538 1596 1553 1611; x_wconf 93' lang='grc'><strong>.</strong></span> <span class='ocrx_word' id='word_1_72' title='bbox 1576 1596 1591 1612; x_wconf 90' lang='grc'><strong>.</strong></span> <span class='ocrx_word' id='word_1_73' title='bbox 1653 1548 1816 1627; x_wconf 80' lang='grc' dir='ltr'><em>μόνον</em></span> <span class='ocrx_word' id='word_1_74' title='bbox 1878 1554 1970 1611; x_wconf 87' lang='lat' dir='ltr'><strong>est</strong></span> <span class='ocrx_word' id='word_1_75' title='bbox 2021 1546 2297 1611; x_wconf 84' lang='lat' dir='ltr'><strong>affectata</strong></span> <span class='ocrx_word' id='word_1_76' title='bbox 2345 1546 2675 1631; x_wconf 82' lang='lat' dir='ltr'><strong>emphasis3</strong></span> 
     </span>
     <span class='ocr_line' id='line_1_10' title="bbox 656 1664 2673 1743; baseline -0 -15"><span class='ocrx_word' id='word_1_77' title='bbox 656 1687 835 1729; x_wconf 89' lang='lat' dir='ltr'><strong>nemo</strong></span> <span class='ocrx_word' id='word_1_78' title='bbox 882 1672 1039 1733; x_wconf 90' lang='lat' dir='ltr'><strong>certe</strong></span> <span class='ocrx_word' id='word_1_79' title='bbox 1086 1665 1452 1732; x_wconf 79' lang='lat' dir='ltr'><strong>desideraret</strong></span> <span class='ocrx_word' id='word_1_80' title='bbox 1495 1665 1864 1729; x_wconf 83' lang='lat' dir='ltr'><strong>vocabulum</strong></span> <span class='ocrx_word' id='word_1_81' title='bbox 1905 1666 2088 1743; x_wconf 83' lang='grc' dir='ltr'><em>μόνον,</em></span> <span class='ocrx_word' id='word_1_82' title='bbox 2138 1666 2189 1729; x_wconf 89' lang='lat' dir='ltr'><strong>si</strong></span> <span class='ocrx_word' id='word_1_83' title='bbox 2221 1665 2473 1729; x_wconf 87' lang='lat' dir='ltr'><strong>abesset.</strong></span> <span class='ocrx_word' id='word_1_84' title='bbox 2524 1664 2673 1728; x_wconf 83' lang='lat' dir='ltr'><strong>Ve‘r-</strong></span> 
     </span>
     <span class='ocr_line' id='line_1_11' title="bbox 662 1784 2680 1867; baseline 0 -20"><span class='ocrx_word' id='word_1_85' title='bbox 662 1784 907 1861; x_wconf 86' lang='lat' dir='ltr'><strong>borum,</strong></span> <span class='ocrx_word' id='word_1_86' title='bbox 939 1784 1012 1848; x_wconf 84' lang='grc' dir='ltr'><strong>σὺ</strong></span> <span class='ocrx_word' id='word_1_87' title='bbox 1036 1784 1095 1848; x_wconf 73' lang='grc' dir='ltr'><strong>δὲ</strong></span> <span class='ocrx_word' id='word_1_88' title='bbox 1125 1784 1221 1849; x_wconf 76' lang='grc' dir='ltr'><strong>καὶ</strong></span> <span class='ocrx_word' id='word_1_89' title='bbox 1253 1785 1405 1861; x_wconf 80' lang='grc' dir='ltr'><strong>μάλ’</strong></span> <span class='ocrx_word' id='word_1_90' title='bbox 1436 1785 1719 1865; x_wconf 86' lang='grc' dir='ltr'><em>ἀπεκρίνω</em></span> <span class='ocrx_word' id='word_1_91' title='bbox 1743 1785 2160 1863; x_wconf 72' lang='grc' dir='ltr'><em>μεμηνιμένως,</em></span> <span class='ocrx_word' id='word_1_92' title='bbox 2190 1784 2463 1867; x_wconf 83' lang='lat' dir='ltr'><strong>quaesita</strong></span> <span class='ocrx_word' id='word_1_93' title='bbox 2489 1791 2680 1847; x_wconf 89' lang='lat' dir='ltr'><strong>struc-</strong></span> 
     </span>
     <span class='ocr_line' id='line_1_12' title="bbox 655 1902 2677 1988; baseline 0 -24"><span class='ocrx_word' id='word_1_94' title='bbox 655 1910 795 1965; x_wconf 89' lang='lat' dir='ltr'><strong>tura</strong></span> <span class='ocrx_word' id='word_1_95' title='bbox 854 1910 946 1967; x_wconf 86' lang='lat' dir='ltr'><strong>est</strong></span> <span class='ocrx_word' id='word_1_96' title='bbox 1006 1905 1149 1986; x_wconf 91' lang='lat' dir='ltr'><strong>(quo</strong></span> <span class='ocrx_word' id='word_1_97' title='bbox 1196 1926 1413 1988; x_wconf 81' lang='lat' dir='ltr'><strong>genere</strong></span> <span class='ocrx_word' id='word_1_98' title='bbox 1463 1902 1778 1968; x_wconf 74' lang='lat' dir='ltr'><strong>abundant</strong></span> <span class='ocrx_word' id='word_1_99' title='bbox 1821 1904 1936 1968; x_wconf 87' lang='lat' dir='ltr'><strong>hae</strong></span> <span class='ocrx_word' id='word_1_100' title='bbox 1983 1902 2294 1988; x_wconf 84' lang='lat' dir='ltr'><strong>epistolae)</strong></span> <span class='ocrx_word' id='word_1_101' title='bbox 2355 1924 2465 1987; x_wconf 91' lang='lat' dir='ltr'><strong>pro</strong></span> <span class='ocrx_word' id='word_1_102' title='bbox 2511 1902 2584 1966; x_wconf 85' lang='grc' dir='ltr'><strong>σύ</strong></span> <span class='ocrx_word' id='word_1_103' title='bbox 2629 1902 2677 1965; x_wconf 78' lang='grc' dir='ltr'><strong>δ’</strong></span> 
     </span>
     <span class='ocr_line' id='line_1_13' title="bbox 654 2019 2675 2100; baseline 0 -17"><span class='ocrx_word' id='word_1_104' title='bbox 654 2019 935 2100; x_wconf 89' lang='grc' dir='ltr'><em>ἀπεκρίνω</em></span> <span class='ocrx_word' id='word_1_105' title='bbox 953 2070 967 2096; x_wconf 93' lang='grc'>,</span> <span class='ocrx_word' id='word_1_106' title='bbox 1013 2022 1111 2085; x_wconf 80' lang='grc' dir='ltr'><strong>καὶ</strong></span> <span class='ocrx_word' id='word_1_107' title='bbox 1158 2020 1335 2092; x_wconf 68' lang='grc' dir='ltr'><em>μάλα</em></span> <span class='ocrx_word' id='word_1_108' title='bbox 1363 2022 1781 2100; x_wconf 77' lang='grc' dir='ltr'><em>μεμηνιμένως.</em></span> <span class='ocrx_word' id='word_1_109' title='bbox 1841 2020 2128 2085; x_wconf 83' lang='lat' dir='ltr'><strong>Ceterum</strong></span> <span class='ocrx_word' id='word_1_110' title='bbox 2159 2020 2496 2085; x_wconf 85' lang='lat' dir='ltr'><strong>sufficiebat</strong></span> <span class='ocrx_word' id='word_1_111' title='bbox 2529 2041 2675 2083; x_wconf 87' lang='lat' dir='ltr'><strong>sane</strong></span> 
     </span>
     <span class='ocr_line' id='line_1_14' title="bbox 658 2138 2676 2225; baseline 0 -25"><span class='ocrx_word' id='word_1_112' title='bbox 658 2160 851 2201; x_wconf 90' lang='lat' dir='ltr'><strong>unum</strong></span> <span class='ocrx_word' id='word_1_113' title='bbox 914 2138 1287 2220; x_wconf 72' lang='grc' dir='ltr'><em>ὑβριστικῶςε,</em></span> <span class='ocrx_word' id='word_1_114' title='bbox 1351 2148 1556 2206; x_wconf 84' lang='lat' dir='ltr'><strong>noster</strong></span> <span class='ocrx_word' id='word_1_115' title='bbox 1616 2140 1796 2204; x_wconf 86' lang='lat' dir='ltr'><strong>solita</strong></span> <span class='ocrx_word' id='word_1_116' title='bbox 1849 2140 2306 2225; x_wconf 83' lang='lat' dir='ltr'><strong>exaggeratione</strong></span> <span class='ocrx_word' id='word_1_117' title='bbox 2353 2138 2523 2201; x_wconf 79' lang='lat' dir='ltr'><strong>addit</strong></span> <span class='ocrx_word' id='word_1_118' title='bbox 2569 2163 2676 2215; x_wconf 86' lang='grc' dir='ltr'><strong>με·</strong></span> 
     </span>
     <span class='ocr_line' id='line_1_15' title="bbox 658 2256 2674 2342; baseline 0 -22"><span class='ocrx_word' id='word_1_119' title='bbox 658 2256 1005 2340; x_wconf 74' lang='grc' dir='ltr'><em>μηνιμένως,</em></span> <span class='ocrx_word' id='word_1_120' title='bbox 1055 2258 1421 2322; x_wconf 85' lang='lat' dir='ltr'><strong>vocabulum</strong></span> <span class='ocrx_word' id='word_1_121' title='bbox 1476 2260 1746 2323; x_wconf 88' lang='lat' dir='ltr'><strong>insolens</strong></span> <span class='ocrx_word' id='word_1_122' title='bbox 1761 2308 1780 2337; x_wconf 89' lang='lat'><em>‚</em></span> <span class='ocrx_word' id='word_1_123' title='bbox 1830 2281 2020 2342; x_wconf 83' lang='lat' dir='ltr'><strong>aeque</strong></span> <span class='ocrx_word' id='word_1_124' title='bbox 2067 2282 2136 2323; x_wconf 85' lang='lat' dir='ltr'><strong>ac</strong></span> <span class='ocrx_word' id='word_1_125' title='bbox 2180 2257 2434 2323; x_wconf 85' lang='lat' dir='ltr'><strong>verbum</strong></span> <span class='ocrx_word' id='word_1_126' title='bbox 2457 2258 2674 2334; x_wconf 74' lang='grc' dir='ltr'><em>μηνίειν</em></span> 
     </span>
     <span class='ocr_line' id='line_1_16' title="bbox 657 2374 2674 2471; baseline 0 -34"><span class='ocrx_word' id='word_1_127' title='bbox 657 2374 1037 2459; x_wconf 80' lang='lat' dir='ltr'><strong>pedestribus</strong></span> <span class='ocrx_word' id='word_1_128' title='bbox 1077 2377 1473 2461; x_wconf 73' lang='lat' dir='ltr'><strong>scriptoribus</strong></span> <span class='ocrx_word' id='word_1_129' title='bbox 1520 2378 1901 2442; x_wconf 87' lang='lat' dir='ltr'><strong>inusitatum.</strong></span> <span class='ocrx_word' id='word_1_130' title='bbox 1966 2376 2185 2461; x_wconf 90' lang='lat' dir='ltr'><strong>Neque</strong></span> <span class='ocrx_word' id='word_1_131' title='bbox 2233 2376 2348 2440; x_wconf 82' lang='grc'>1100</span> <span class='ocrx_word' id='word_1_132' title='bbox 2393 2376 2486 2439; x_wconf 90' lang='grc'>1111</span> <span class='ocrx_word' id='word_1_133' title='bbox 2527 2376 2674 2471; x_wconf 75' lang='lat' dir='ltr'><strong>satis</strong></span> 
     </span>
     <span class='ocr_line' id='line_1_17' title="bbox 658 2493 2672 2582; baseline 0 -26"><span class='ocrx_word' id='word_1_134' title='bbox 658 2493 899 2557; x_wconf 86' lang='lat' dir='ltr'><strong>videtur</strong></span> <span class='ocrx_word' id='word_1_135' title='bbox 913 2495 950 2573; x_wconf 79' lang='lat'><strong>‚&#39;</strong></span> <span class='ocrx_word' id='word_1_136' title='bbox 997 2494 1102 2558; x_wconf 88' lang='lat' dir='ltr'><strong>sed</strong></span> <span class='ocrx_word' id='word_1_137' title='bbox 1156 2496 1513 2579; x_wconf 82' lang='lat' dir='ltr'><strong>interposita</strong></span> <span class='ocrx_word' id='word_1_138' title='bbox 1562 2497 1907 2582; x_wconf 80' lang='lat' dir='ltr'><strong>parenthesi</strong></span> <span class='ocrx_word' id='word_1_139' title='bbox 1953 2494 2050 2580; x_wconf 80' lang='grc'>(110</span> <span class='ocrx_word' id='word_1_140' title='bbox 2097 2518 2219 2580; x_wconf 85' lang='lat' dir='ltr'><strong>qua</strong></span> <span class='ocrx_word' id='word_1_141' title='bbox 2263 2497 2426 2577; x_wconf 86' lang='lat' dir='ltr'><strong>mox)</strong></span> <span class='ocrx_word' id='word_1_142' title='bbox 2474 2494 2672 2558; x_wconf 84' lang='lat' dir='ltr'><strong>addit:</strong></span> 
     </span>
     <span class='ocr_line' id='line_1_18' title="bbox 660 2608 2676 2694; baseline 0 -19"><span class='ocrx_word' id='word_1_143' title='bbox 660 2608 819 2685; x_wconf 81' lang='grc' dir='ltr'><em>εἶπες</em></span> <span class='ocrx_word' id='word_1_144' title='bbox 864 2612 922 2677; x_wconf 75' lang='grc' dir='ltr'><strong>δὲ</strong></span> <span class='ocrx_word' id='word_1_145' title='bbox 968 2613 1066 2677; x_wconf 79' lang='grc' dir='ltr'><strong>καὶ</strong></span> <span class='ocrx_word' id='word_1_146' title='bbox 1112 2611 1259 2691; x_wconf 71' lang='grc' dir='ltr'><em>μάλ’</em></span> <span class='ocrx_word' id='word_1_147' title='bbox 1304 2613 1632 2687; x_wconf 78' lang='grc' dir='ltr'><em>ἀπλάστως</em></span> <span class='ocrx_word' id='word_1_148' title='bbox 1676 2620 1885 2693; x_wconf 69' lang='grc' dir='ltr'><em>γελῶν.</em></span> <span class='ocrx_word' id='word_1_149' title='bbox 1979 2612 2146 2694; x_wconf 73' lang='lat' dir='ltr'><strong>Quid</strong></span> <span class='ocrx_word' id='word_1_150' title='bbox 2205 2614 2321 2679; x_wconf 89' lang='lat' dir='ltr'><strong>sibi</strong></span> <span class='ocrx_word' id='word_1_151' title='bbox 2365 2615 2512 2679; x_wconf 84' lang='lat' dir='ltr'><strong>veli&#39;t</strong></span> <span class='ocrx_word' id='word_1_152' title='bbox 2558 2614 2676 2677; x_wconf 87' lang='lat' dir='ltr'><strong>hoc</strong></span> 
     </span>
     <span class='ocr_line' id='line_1_19' title="bbox 658 2730 2674 2819; baseline 0.001 -26"><span class='ocrx_word' id='word_1_153' title='bbox 658 2731 793 2795; x_wconf 94' lang='grc'>1000</span> <span class='ocrx_word' id='word_1_154' title='bbox 838 2730 1199 2797; x_wconf 80' lang='lat' dir='ltr'><strong>vocabulum</strong></span> <span class='ocrx_word' id='word_1_155' title='bbox 1238 2732 1597 2810; x_wconf 66' lang='grc' dir='ltr'><em>ἀπλάστως,</em></span> <span class='ocrx_word' id='word_1_156' title='bbox 1641 2734 1936 2819; x_wconf 80' lang='lat' dir='ltr'><strong>conjicere</strong></span> <span class='ocrx_word' id='word_1_157' title='bbox 1975 2731 2220 2798; x_wconf 89' lang='lat' dir='ltr'><strong>difficile</strong></span> <span class='ocrx_word' id='word_1_158' title='bbox 2258 2740 2378 2797; x_wconf 89' lang='lat' dir='ltr'><strong>est:</strong></span> <span class='ocrx_word' id='word_1_159' title='bbox 2429 2732 2674 2817; x_wconf 85' lang='lat' dir='ltr'><strong>proprie</strong></span> 
     </span>
     <span class='ocr_line' id='line_1_20' title="bbox 660 2849 2675 2938; baseline 0.001 -28"><span class='ocrx_word' id='word_1_160' title='bbox 660 2849 959 2933; x_wconf 84' lang='lat' dir='ltr'><strong>significat</strong></span> <span class='ocrx_word' id='word_1_161' title='bbox 1012 2872 1125 2913; x_wconf 81' lang='lat' dir='ltr'><strong>non</strong></span> <span class='ocrx_word' id='word_1_162' title='bbox 1160 2852 1403 2933; x_wconf 74' lang='lat' dir='ltr'><strong>fictum,</strong></span> <span class='ocrx_word' id='word_1_163' title='bbox 1466 2874 1580 2915; x_wconf 80' lang='lat' dir='ltr'><strong>non</strong></span> <span class='ocrx_word' id='word_1_164' title='bbox 1613 2852 1923 2938; x_wconf 75' lang='lat' dir='ltr'><strong>fucatum,</strong></span> <span class='ocrx_word' id='word_1_165' title='bbox 1973 2850 2034 2914; x_wconf 88' lang='lat' dir='ltr'><strong>h.</strong></span> <span class='ocrx_word' id='word_1_166' title='bbox 2085 2874 2136 2914; x_wconf 91' lang='grc'><strong>0.</strong></span> <span class='ocrx_word' id='word_1_167' title='bbox 2191 2852 2493 2915; x_wconf 70' lang='lat' dir='ltr'><strong>sincerum.</strong></span> <span class='ocrx_word' id='word_1_168' title='bbox 2589 2852 2675 2913; x_wconf 88' lang='lat' dir='ltr'><strong>At</strong></span> 
     </span>
     <span class='ocr_line' id='line_1_21' title="bbox 654 2966 2672 3053; baseline 0.001 -24"><span class='ocrx_word' id='word_1_169' title='bbox 654 2966 873 3031; x_wconf 69' lang='lat' dir='ltr'><strong>sincero</strong></span> <span class='ocrx_word' id='word_1_170' title='bbox 933 2970 1099 3031; x_wconf 74' lang='lat' dir='ltr'><strong>vultu</strong></span> <span class='ocrx_word' id='word_1_171' title='bbox 1156 2969 1351 3033; x_wconf 70' lang='lat' dir='ltr'><strong>ride&#39;m</strong></span> <span class='ocrx_word' id='word_1_172' title='bbox 1402 2991 1526 3033; x_wconf 89' lang='lat' dir='ltr'><strong>non</strong></span> <span class='ocrx_word' id='word_1_173' title='bbox 1574 2970 1856 3033; x_wconf 84' lang='lat' dir='ltr'><strong>convenit</strong></span> <span class='ocrx_word' id='word_1_174' title='bbox 1900 2975 2058 3033; x_wconf 86' lang='lat' dir='ltr'><strong>certe</strong></span> <span class='ocrx_word' id='word_1_175' title='bbox 2105 2968 2414 3053; x_wconf 87' lang='lat' dir='ltr'><strong>scriptoris</strong></span> <span class='ocrx_word' id='word_1_176' title='bbox 2459 2968 2672 3031; x_wconf 87' lang='lat' dir='ltr'><strong>menti.</strong></span> 
     </span>
     <span class='ocr_line' id='line_1_22' title="bbox 657 3082 2674 3172; baseline 0.001 -25"><span class='ocrx_word' id='word_1_177' title='bbox 657 3082 720 3147; x_wconf 93' lang='lat' dir='ltr'>N</span> <span class='ocrx_word' id='word_1_178' title='bbox 720 3107 825 3148; x_wconf 91' lang='grc'>11111</span> <span class='ocrx_word' id='word_1_179' title='bbox 884 3085 1208 3157; x_wconf 80' lang='grc' dir='ltr'><em>ἀπλάστως</em></span> <span class='ocrx_word' id='word_1_180' title='bbox 1271 3086 1425 3151; x_wconf 77' lang='lat' dir='ltr'><strong>dixit</strong></span> <span class='ocrx_word' id='word_1_181' title='bbox 1480 3106 1592 3172; x_wconf 89' lang='lat' dir='ltr'><strong>pro</strong></span> <span class='ocrx_word' id='word_1_182' title='bbox 1637 3088 1912 3168; x_wconf 74' lang='grc' dir='ltr'><em>ἀγροικῶς</em></span> <span class='ocrx_word' id='word_1_183' title='bbox 1928 3138 1946 3170; x_wconf 88' lang='grc'>,</span> <span class='ocrx_word' id='word_1_184' title='bbox 1995 3086 2210 3150; x_wconf 75' lang='lat' dir='ltr'><strong>inculte</strong></span> <span class='ocrx_word' id='word_1_185' title='bbox 2226 3135 2245 3163; x_wconf 92' lang='lat'><em>,</em></span> <span class='ocrx_word' id='word_1_186' title='bbox 2293 3083 2546 3168; x_wconf 56' lang='lat' dir='ltr'><strong>amede,</strong></span> <span class='ocrx_word' id='word_1_187' title='bbox 2597 3105 2674 3149; x_wconf 89' lang='lat' dir='ltr'><strong>an</strong></span> 
     </span>
     <span class='ocr_line' id='line_1_23' title="bbox 652 3197 2668 3289; baseline 0 -23"><span class='ocrx_word' id='word_1_188' title='bbox 652 3203 809 3267; x_wconf 86' lang='lat' dir='ltr'><strong>forte</strong></span> <span class='ocrx_word' id='word_1_189' title='bbox 857 3226 1021 3267; x_wconf 89' lang='lat' dir='ltr'><strong>error</strong></span> <span class='ocrx_word' id='word_1_190' title='bbox 1067 3212 1159 3268; x_wconf 88' lang='lat' dir='ltr'><strong>est</strong></span> <span class='ocrx_word' id='word_1_191' title='bbox 1200 3197 1432 3269; x_wconf 85' lang='lat' dir='ltr'><strong>librarii</strong></span> <span class='ocrx_word' id='word_1_192' title='bbox 1461 3205 1790 3277; x_wconf 77' lang='grc' dir='ltr'><em>ἀπλάστως</em></span> <span class='ocrx_word' id='word_1_193' title='bbox 1821 3204 2137 3269; x_wconf 85' lang='lat' dir='ltr'><strong>scribentis</strong></span> <span class='ocrx_word' id='word_1_194' title='bbox 2177 3225 2288 3289; x_wconf 91' lang='lat' dir='ltr'><strong>pro</strong></span> <span class='ocrx_word' id='word_1_195' title='bbox 2318 3204 2668 3280; x_wconf 73' lang='grc' dir='ltr'><em>ἀπλήστως,</em></span> 
     </span>
     <span class='ocr_line' id='line_1_24' title="bbox 653 3320 2676 3409; baseline 0 -25"><span class='ocrx_word' id='word_1_196' title='bbox 653 3321 714 3384; x_wconf 86' lang='grc'><strong>11.</strong></span> <span class='ocrx_word' id='word_1_197' title='bbox 765 3344 815 3385; x_wconf 90' lang='grc'><strong>0.</strong></span> <span class='ocrx_word' id='word_1_198' title='bbox 864 3322 1317 3401; x_wconf 64' lang='grc' dir='ltr'><em>ἱηεαίὸαόἱόἰίετ,</em></span> <span class='ocrx_word' id='word_1_199' title='bbox 1366 3324 1541 3409; x_wconf 56' lang='lat' dir='ltr'><strong>effuse</strong></span> <span class='ocrx_word' id='word_1_200' title='bbox 1585 3322 1838 3388; x_wconf 78' lang='lat' dir='ltr'><strong>ridens?</strong></span> <span class='ocrx_word' id='word_1_201' title='bbox 1907 3322 2043 3387; x_wconf 88' lang='lat' dir='ltr'><strong>Hoc</strong></span> <span class='ocrx_word' id='word_1_202' title='bbox 2089 3322 2265 3387; x_wconf 80' lang='lat' dir='ltr'><strong>facile</strong></span> <span class='ocrx_word' id='word_1_203' title='bbox 2297 3320 2572 3386; x_wconf 83' lang='lat' dir='ltr'><strong>adducor</strong></span> <span class='ocrx_word' id='word_1_204' title='bbox 2602 3329 2676 3385; x_wconf 90' lang='lat' dir='ltr'><strong>ut</strong></span> 
     </span>
     <span class='ocr_line' id='line_1_25' title="bbox 659 3440 2674 3525; baseline -0 -21"><span class='ocrx_word' id='word_1_205' title='bbox 659 3440 898 3505; x_wconf 87' lang='lat' dir='ltr'><strong>credam</strong></span> <span class='ocrx_word' id='word_1_206' title='bbox 914 3490 932 3519; x_wconf 89' lang='lat'>‚</span> <span class='ocrx_word' id='word_1_207' title='bbox 967 3454 1337 3525; x_wconf 81' lang='lat' dir='ltr'><strong>quamquam</strong></span> <span class='ocrx_word' id='word_1_208' title='bbox 1365 3440 1877 3506; x_wconf 83' lang='lat' dir='ltr'><strong>accommodatius</strong></span> <span class='ocrx_word' id='word_1_209' title='bbox 1903 3442 2263 3506; x_wconf 87' lang='lat' dir='ltr'><strong>vocabulum</strong></span> <span class='ocrx_word' id='word_1_210' title='bbox 2285 3440 2674 3525; x_wconf 73' lang='lat' dir='ltr'><strong>fuerat‘quod</strong></span> 
     </span>
     <span class='ocr_line' id='line_1_26' title="bbox 656 3558 2673 3651; baseline 0.001 -29"><span class='ocrx_word' id='word_1_211' title='bbox 656 3558 732 3623; x_wconf 92' lang='lat' dir='ltr'><strong>de</strong></span> <span class='ocrx_word' id='word_1_212' title='bbox 792 3558 943 3645; x_wconf 87' lang='lat' dir='ltr'><strong>Rep.</strong></span> <span class='ocrx_word' id='word_1_213' title='bbox 1001 3559 1069 3637; x_wconf 92' lang='lat' dir='ltr'><strong>I,</strong></span> <span class='ocrx_word' id='word_1_214' title='bbox 1125 3577 1185 3645; x_wconf 88' lang='lat' dir='ltr'><strong>p.</strong></span> <span class='ocrx_word' id='word_1_215' title='bbox 1245 3562 1370 3651; x_wconf 82' lang='lat'><strong>337</strong></span> <span class='ocrx_word' id='word_1_216' title='bbox 1428 3562 1519 3637; x_wconf 90' lang='lat' dir='ltr'><strong>A,</strong></span> <span class='ocrx_word' id='word_1_217' title='bbox 1579 3559 1654 3623; x_wconf 89' lang='lat' dir='ltr'><strong>de</strong></span> <span class='ocrx_word' id='word_1_218' title='bbox 1715 3558 2162 3645; x_wconf 83' lang='lat' dir='ltr'><strong>Thrasymacho</strong></span> <span class='ocrx_word' id='word_1_219' title='bbox 2225 3559 2482 3623; x_wconf 86' lang='lat' dir='ltr'><strong>dicitur:</strong></span> <span class='ocrx_word' id='word_1_220' title='bbox 2546 3560 2673 3624; x_wconf 88' lang='grc' dir='ltr'><em>ἀνε-</em></span> 
     </span>
     <span class='ocr_line' id='line_1_27' title="bbox 656 3675 2673 3760; baseline -0.001 -17"><span class='ocrx_word' id='word_1_221' title='bbox 656 3679 941 3760; x_wconf 71' lang='grc' dir='ltr'><em>κάγχασέ</em></span> <span class='ocrx_word' id='word_1_222' title='bbox 975 3704 1043 3743; x_wconf 90' lang='grc' dir='ltr'><em>τε</em></span> <span class='ocrx_word' id='word_1_223' title='bbox 1088 3679 1265 3757; x_wconf 80' lang='grc' dir='ltr'><strong>μάλα</strong></span> <span class='ocrx_word' id='word_1_224' title='bbox 1302 3678 1583 3759; x_wconf 76' lang='grc' dir='ltr'><em>σαρδόνιον</em></span> <span class='ocrx_word' id='word_1_225' title='bbox 1619 3680 1719 3743; x_wconf 78' lang='grc' dir='ltr'><strong>καὶ</strong></span> <span class='ocrx_word' id='word_1_226' title='bbox 1759 3675 1934 3743; x_wconf 82' lang='grc' dir='ltr'><em>εἶπεν.</em></span> <span class='ocrx_word' id='word_1_227' title='bbox 1991 3678 2310 3743; x_wconf 73' lang='lat' dir='ltr'><strong>Sardonius</strong></span> <span class='ocrx_word' id='word_1_228' title='bbox 2341 3678 2496 3742; x_wconf 62' lang='lat' dir='ltr'><strong>n&#39;su&#39;s</strong></span> <span class='ocrx_word' id='word_1_229' title='bbox 2528 3676 2673 3741; x_wconf 88' lang='lat' dir='ltr'><strong>dici·</strong></span> 
     </span>
     <span class='ocr_line' id='line_1_28' title="bbox 656 3795 2672 3881; baseline 0 -23"><span class='ocrx_word' id='word_1_230' title='bbox 656 3802 758 3859; x_wconf 84' lang='lat' dir='ltr'><strong>tur</strong></span> <span class='ocrx_word' id='word_1_231' title='bbox 806 3796 983 3860; x_wconf 82' lang='lat' dir='ltr'><strong>fictus</strong></span> <span class='ocrx_word' id='word_1_232' title='bbox 1042 3803 1103 3860; x_wconf 87' lang='lat' dir='ltr'><strong>et</strong></span> <span class='ocrx_word' id='word_1_233' title='bbox 1168 3797 1604 3863; x_wconf 81' lang='lat' dir='ltr'><strong>amarulentus.</strong></span> <span class='ocrx_word' id='word_1_234' title='bbox 1684 3796 1804 3862; x_wconf 86' lang='lat' dir='ltr'><strong>Sed</strong></span> <span class='ocrx_word' id='word_1_235' title='bbox 1865 3797 2015 3881; x_wconf 90' lang='lat' dir='ltr'><strong>quid</strong></span> <span class='ocrx_word' id='word_1_236' title='bbox 2071 3797 2184 3861; x_wconf 84' lang='lat' dir='ltr'><strong>sibi</strong></span> <span class='ocrx_word' id='word_1_237' title='bbox 2228 3795 2447 3861; x_wconf 82' lang='lat' dir='ltr'><strong>volunt</strong></span> <span class='ocrx_word' id='word_1_238' title='bbox 2491 3796 2672 3860; x_wconf 86' lang='lat' dir='ltr'><strong>verba</strong></span> 
     </span>
     <span class='ocr_line' id='line_1_29' title="bbox 654 3898 2670 4001; baseline -0 -23"><span class='ocrx_word' id='word_1_239' title='bbox 654 3914 720 3978; x_wconf 92' lang='grc'><strong>111</strong></span> <span class='ocrx_word' id='word_1_240' title='bbox 780 3915 1128 4000; x_wconf 88' lang='lat' dir='ltr'><strong>parenthesi</strong></span> <span class='ocrx_word' id='word_1_241' title='bbox 1188 3898 1423 4001; x_wconf 82' lang='lat' dir='ltr'><strong>posita,</strong></span> <span class='ocrx_word' id='word_1_242' title='bbox 1487 3918 1567 3982; x_wconf 75' lang='grc' dir='ltr'><em>διὸ</em></span> <span class='ocrx_word' id='word_1_243' title='bbox 1629 3917 1695 3983; x_wconf 84' lang='grc' dir='ltr'><strong>τὸ</strong></span> <span class='ocrx_word' id='word_1_244' title='bbox 1755 3917 1890 3982; x_wconf 85' lang='grc' dir='ltr'><em>τότε</em></span> <span class='ocrx_word' id='word_1_245' title='bbox 1936 3940 2020 3981; x_wconf 91' lang='grc' dir='ltr'><em>σοι</em></span> <span class='ocrx_word' id='word_1_246' title='bbox 2067 3914 2330 3996; x_wconf 75' lang='grc' dir='ltr'><em>ὕβρισμα</em></span> <span class='ocrx_word' id='word_1_247' title='bbox 2375 3920 2470 3980; x_wconf 82' lang='grc' dir='ltr'><strong>νῦν</strong></span> <span class='ocrx_word' id='word_1_248' title='bbox 2516 3912 2670 3995; x_wconf 78' lang='grc' dir='ltr'><em>ὕπαρ</em></span> 
     </span>
     <span class='ocr_line' id='line_1_30' title="bbox 649 4032 2668 4119; baseline -0.001 -21"><span class='ocrx_word' id='word_1_249' title='bbox 649 4035 779 4098; x_wconf 89' lang='grc' dir='ltr'><strong>ἀντ’</strong></span> <span class='ocrx_word' id='word_1_250' title='bbox 824 4033 1105 4114; x_wconf 77' lang='grc' dir='ltr'><em>ὀνείρατος</em></span> <span class='ocrx_word' id='word_1_251' title='bbox 1150 4034 1423 4112; x_wconf 72' lang='grc' dir='ltr'><em>γέγονενς</em></span> <span class='ocrx_word' id='word_1_252' title='bbox 1467 4034 1668 4115; x_wconf 68' lang='lat' dir='ltr'><strong>“Tm-exp</strong></span> <span class='ocrx_word' id='word_1_253' title='bbox 1699 4036 1827 4110; x_wconf 84' lang='grc' dir='ltr'><strong>ἀντ’</strong></span> <span class='ocrx_word' id='word_1_254' title='bbox 1857 4036 2136 4115; x_wconf 74' lang='grc' dir='ltr'><em>ὀνείρατος</em></span> <span class='ocrx_word' id='word_1_255' title='bbox 2167 4034 2471 4119; x_wconf 83' lang='lat' dir='ltr'><strong>significat</strong></span> <span class='ocrx_word' id='word_1_256' title='bbox 2501 4032 2668 4117; x_wconf 86' lang='lat' dir='ltr'><strong>quod</strong></span> 
     </span>
     <span class='ocr_line' id='line_1_31' title="bbox 655 4149 2664 4238; baseline 0 -25"><span class='ocrx_word' id='word_1_257' title='bbox 655 4171 728 4214; x_wconf 84' lang='lat' dir='ltr'><strong>ex</strong></span> <span class='ocrx_word' id='word_1_258' title='bbox 789 4149 1049 4215; x_wconf 88' lang='lat' dir='ltr'><strong>obscuro</strong></span> <span class='ocrx_word' id='word_1_259' title='bbox 1108 4152 1177 4216; x_wconf 88' lang='lat' dir='ltr'><strong>fit</strong></span> <span class='ocrx_word' id='word_1_260' title='bbox 1220 4152 1451 4217; x_wconf 86' lang='lat' dir='ltr'><strong>clarum</strong></span> <span class='ocrx_word' id='word_1_261' title='bbox 1469 4203 1487 4232; x_wconf 89' lang='lat'>‚</span> <span class='ocrx_word' id='word_1_262' title='bbox 1538 4154 1785 4238; x_wconf 89' lang='lat' dir='ltr'><strong>quando</strong></span> <span class='ocrx_word' id='word_1_263' title='bbox 1833 4177 1864 4217; x_wconf 91' lang='lat' dir='ltr'><strong>e</strong></span> <span class='ocrx_word' id='word_1_264' title='bbox 1910 4153 2176 4218; x_wconf 87' lang='lat' dir='ltr'><strong>tenebris</strong></span> <span class='ocrx_word' id='word_1_265' title='bbox 2222 4152 2328 4215; x_wconf 82' lang='lat' dir='ltr'><strong>lux</strong></span> <span class='ocrx_word' id='word_1_266' title='bbox 2377 4152 2664 4215; x_wconf 86' lang='lat' dir='ltr'><strong>exoritur.</strong></span> 
     </span>
     <span class='ocr_line' id='line_1_32' title="bbox 648 4267 2669 4353; baseline 0.001 -22"><span class='ocrx_word' id='word_1_267' title='bbox 648 4267 833 4332; x_wconf 87' lang='lat' dir='ltr'><strong>Polit.</strong></span> <span class='ocrx_word' id='word_1_268' title='bbox 880 4282 943 4353; x_wconf 87' lang='lat' dir='ltr'><strong>p.</strong></span> <span class='ocrx_word' id='word_1_269' title='bbox 995 4272 1121 4335; x_wconf 79' lang='lat'><strong>278</strong></span> <span class='ocrx_word' id='word_1_270' title='bbox 1169 4270 1257 4333; x_wconf 86' lang='lat' dir='ltr'><strong>E:</strong></span> <span class='ocrx_word' id='word_1_271' title='bbox 1306 4268 1371 4336; x_wconf 78' lang='grc' dir='ltr'><strong>ἵν’</strong></span> <span class='ocrx_word' id='word_1_272' title='bbox 1408 4270 1562 4350; x_wconf 79' lang='grc' dir='ltr'><em>ὕπαρ</em></span> <span class='ocrx_word' id='word_1_273' title='bbox 1601 4276 1730 4337; x_wconf 87' lang='grc' dir='ltr'><em>ἀντ’</em></span> <span class='ocrx_word' id='word_1_274' title='bbox 1752 4271 2028 4351; x_wconf 76' lang='grc' dir='ltr'><em>ὀνείρατος</em></span> <span class='ocrx_word' id='word_1_275' title='bbox 2053 4275 2189 4348; x_wconf 73' lang='grc' dir='ltr'><em>ἡμῖν</em></span> <span class='ocrx_word' id='word_1_276' title='bbox 2215 4272 2513 4348; x_wconf 68' lang='grc' dir='ltr'><em>γίγνηται.</em></span> <span class='ocrx_word' id='word_1_277' title='bbox 2561 4270 2669 4333; x_wconf 82' lang='lat' dir='ltr'><strong>Di-</strong></span> 
     </span>
    </p>
   </div>
  </div>
 </body>
</html>
