3092 5084
1398 541 1523 601 219

455 749 595 826 dee,
630 748 842 811 media
888 747 1107 810 horum
1154 747 1388 809 faciunt
1418 747 1708 823 μίγματα
1742 767 1814 808 ex
1845 745 2140 809 ambobus
2170 744 2294 807 illis
2327 765 2466 807 con-

455 867 629 942 flata3
693 865 964 935 ὡσαύτως
1026 865 1118 939 δὲ,
1168 863 1371 941 addit,
1420 864 1517 927 καὶ
1580 865 1625 928 οἱ
1679 865 1810 943 τρία
1855 863 2161 940 λέγοντες,
2205 861 2464 941 καθάπερ

456 986 707 1050 Πλάτων
752 986 808 1048 ἐν
853 992 1018 1054 ταῖς
1065 983 1530 1063 διαιρέσεσιν·
1579 983 1646 1047 τὸ
1690 983 1808 1063 γάρ
1852 984 2026 1060 μέσον
2063 982 2273 1058 μίγμα
2297 988 2463 1046 ποιεῖ.

456 1101 766 1197 Quorsum
816 1109 1092 1186 spectant
1139 1101 1252 1164 hae
1298 1102 1586 1178 διαιρέσεις
1563 1100 1632 1162 Ρ
1725 1101 1909 1181 Quod
1958 1100 2057 1164 hic
2099 1105 2468 1163 memoratur

455 1221 666 1298 μίγμα
714 1220 970 1303 quadrat
1012 1220 1190 1304 plane
1222 1241 1359 1283 cum
1393 1219 1466 1282 iis
1500 1241 1655 1302 quae
1688 1219 1752 1281 in
1783 1217 2030 1280 Timaeo
2063 1221 2142 1301 (p.
2182 1219 2465 1300 50—52)

456 1316 531 1401 de
592 1337 807 1401 mundi
862 1337 1175 1400 elementis
1236 1338 1461 1421 scripta
1507 1345 1685 1412 sunt
1741 1335 1850 1398 ubi
1897 1335 2043 1398 haec
2091 1336 2207 1399 tria
2255 1335 2466 1399 distin-

456 1465 759 1542 guuntur:
794 1456 991 1534 ideae,
1019 1480 1111 1520 res
1145 1456 1573 1541 aspectabileS,
1610 1464 1668 1518 et
1694 1459 1726 1531 ἦ
1751 1454 1982 1532 μεταξὺ
2014 1456 2226 1519 τούτων
2256 1455 2463 1534 φύσις,

456 1576 516 1639 11.
558 1599 609 1639 e.
658 1577 935 1640 materies
969 1576 1166 1640 media
1196 1577 1354 1639 inter
1386 1575 1563 1639 ambo
1594 1573 1703 1638 illa
1735 1582 1794 1637 et
1828 1575 2144 1639 amborum
2176 1594 2422 1637 consors
2445 1622 2462 1650 ‚

456 1718 637 1779 quam
701 1694 1060 1758 Aristoteles
1110 1717 1218 1778 pro
1266 1717 1377 1758 suo
1423 1695 1714 1778 loquendi
1761 1717 1880 1759 usu
1927 1704 2066 1778 apte
2111 1693 2322 1770 μίγμα
2368 1714 2468 1775 ap-

456 1815 680 1899 pellare
741 1815 962 1898 potuit.
1058 1814 1150 1877 Ex
1210 1814 1357 1898 ipsis
1414 1823 1617 1879 tamen
1681 1814 1877 1878 verbis
1923 1816 2174 1879 Πλάτων
2231 1815 2288 1876 ἐν
2331 1818 2465 1881 ταῖς

456 1930 782 2012 διαιρέσεσιν
851 1939 1125 2016 apertum
1192 1941 1285 1996 est
1356 1933 1743 1997 Aristotelem
1814 1941 2047 1996 certum
2101 1932 2322 1994 librum
2371 1929 2466 1992 vel

456 2051 955 2115 commentarium
1018 2051 1095 2116 ob
1158 2051 1367 2114 oculos
1427 2052 1649 2116 habere
1667 2102 1684 2128 ,
1750 2052 1858 2135 qui
1903 2051 2176 2114 Platonis
2224 2047 2468 2113 nomine

455 2171 729 2232 ferretur.
825 2169 966 2248 Quo
1013 2176 1212 2233 autem
1262 2170 1360 2232 hic
1406 2170 1627 2233 titulus
1677 2176 1942 2254 spectet,
1976 2169 2334 2251 interpretes
2373 2186 2467 2228 ve-

456 2298 612 2352 teres
674 2310 863 2371 aeque
923 2311 991 2352 ac
1051 2289 1415 2353 recentiores
1464 2288 1768 2363 dubitant.

546 2405 889 2470 Alexander
950 2407 1355 2490 Aphrodisius
1417 2407 1766 2472 testimonio
1829 2406 2076 2470 Ioannis
2141 2404 2467 2488 Philoponi

458 2524 534 2587 ad
565 2525 624 2587 h.
652 2525 691 2588 1.
728 2527 769 2607 ¹)
810 2524 1171 2602 declaravit,
1220 2527 1329 2596 τας
1376 2527 1698 2607 φερομένας
1745 2526 2054 2597 Πλάτωνος
2094 2523 2466 2601 διαιρέσεις

456 2644 766 2707 νοθεύεσθαι
786 2694 802 2725 ,
866 2644 1243 2729 conjecitque
1306 2645 1652 2709 Aristotelis
1716 2645 1897 2709 verba
1955 2644 2031 2708 ad
2086 2667 2155 2707 ea
2202 2665 2358 2726 quae
2402 2641 2465 2704 in

458 2760 742 2846 Sophista
773 2762 1061 2847 leguntur
1094 2769 1383 2846 spectare.
1434 2761 1664 2826 Contra
1695 2786 1848 2846 quae
1872 2763 2252 2848 Philoponus
2287 2761 2468 2824 dicit:

457 2881 639 2945 ἰστέον
685 2881 731 2944 δ’
756 2879 839 2946 ὅτι
886 2887 1102 2959 πρῶτον
1162 2882 1269 2957 μὲν
1314 2882 1682 2962 διαιρέσεις
1729 2885 2040 2953 Πλάτωνος
2087 2880 2228 2952 ὅλως
2276 2883 2472 2956 ἐπιγε-

458 3000 796 3078 γραμμέναι
841 3004 901 3065 οὔ
948 3003 1245 3081 φέρονται,
1310 3005 1367 3066 ἐν
1421 3003 1480 3065 δὲ
1538 3005 1619 3082 τῷ
1668 3009 1934 3083 Σοφιστῇ
1996 3003 2148 3067 οὐδὲν
2193 3003 2470 3080 φαίνεται

458 3125 701 3183 τοιοῦτον
732 3118 759 3183 ὃ
789 3121 1041 3184 Πλάτων
1072 3119 1257 3195 λέγων
1287 3115 1391 3185 οἷον
1421 3120 1636 3200 εἴρηται
1667 3122 1942 3185 ἐνταῦθαε
1995 3121 2292 3204 posterius
2326 3140 2469 3181 sane

462 3259 662 3300 verum
691 3238 736 3320 ²)
755 3264 773 3315 3
839 3237 1099 3323 denique
1175 3238 1380 3316 addit,
1446 3238 1820 3323 probabilius
1883 3239 1997 3303 sibi
2060 3238 2250 3302 videri
2306 3235 2471 3320 quod

462 3355 805 3419 Alexander
851 3356 1135 3420 ultimum
1183 3358 1422 3442 posuit,
1470 3359 1717 3438 φάσκων
1764 3358 1888 3435 περὶ
1949 3363 2061 3422 τῶν
2121 3358 2473 3437 ἀγράφων

460 3473 842 3549 δογμάτων
910 3476 1102 3550 λέγειν
1160 3475 1258 3538 τὸν
1320 3477 1754 3552 Ἀριστοτέλην,
1804 3473 1951 3555 ἅπερ
2000 3475 2172 3545 αὐτὸς
2218 3479 2472 3549 Ἀριστο-

461 3593 629 3664 rba-44
676 3594 1097 3675 άπεγράφετο,
1152 3594 1250 3658 καὶ
1295 3600 1497 3660 ταῦτα
1540 3602 1744 3659 καλεῖν
1790 3597 2192 3674 διαιρέσεις.
2283 3592 2471 3657 Note-

461 3733 597 3772 mus
646 3733 801 3793 quae
840 3711 935 3774 his
968 3711 1144 3775 dictis
1178 3712 1623 3776 contineantur.
1682 3712 2024 3776 Alexander
2064 3712 2470 3796 Aphrodisius

462 3828 808 3905 contendit,
872 3851 1027 3912 quae
1088 3851 1198 3892 sua
1268 3838 1463 3894 aetate
1531 3831 1706 3913 (vixit
1767 3838 1971 3894 autem
2033 3831 2283 3894 ineunte
2353 3853 2476 3893 sae-

533 4056 576 4118 l)
610 4057 680 4106 Io.
714 4057 973 4122 Philoponi
1010 4057 1167 4107 locum
1203 4059 1442 4123 integrum
1478 4059 1730 4122 descripsit
1764 4060 1983 4109 Brandis.
2018 4060 2052 4109 1.
2091 4061 2123 4109 1.
2163 4077 2208 4124 p.
2246 4061 2325 4110 12.

526 4153 575 4213 2)
611 4154 771 4217 Aeque
817 4159 944 4203 errat
989 4153 1475 4218 Trendelenburgius‚
1522 4155 1647 4204 libro
1692 4155 1817 4204 laud.
1865 4173 1912 4220 p.
1951 4156 2040 4215 19,
2079 4172 2224 4220 quum
2264 4157 2310 4204 11.
2348 4158 2379 4206 1.
2415 4158 2474 4206 ab

461 4248 719 4297 Aristotele
768 4249 1023 4314 significari
1068 4254 1210 4314 putat
1248 4265 1367 4314 quae
1418 4251 1474 4298 de
1507 4250 1656 4299 animi
1701 4255 1871 4300 natura
1914 4257 1964 4300 et
2013 4252 2260 4301 elementis
2311 4255 2472 4318 legun·

456 4346 541 4394 tur
574 4343 625 4391 in
660 4344 853 4393 Timaeo
885 4361 932 4409 p.
968 4347 1052 4393 35:
1089 4345 1153 4394 ibi
1188 4345 1313 4394 enim
1348 4361 1502 4395 sermo
1537 4351 1610 4396 est
1645 4347 1701 4395 de
1733 4347 1980 4411 elementis
2009 4347 2228 4396 universi.
