<?xml version="1.0" encoding="UTF-8"?>
<!DOCTYPE html PUBLIC "-//W3C//DTD XHTML 1.0 Transitional//EN"
    "http://www.w3.org/TR/xhtml1/DTD/xhtml1-transitional.dtd">
<html xmlns="http://www.w3.org/1999/xhtml" xml:lang="en" lang="en">
 <head>
  <title>
</title>
<meta http-equiv="Content-Type" content="text/html;charset=utf-8" />
  <meta name='ocr-system' content='tesseract 3.04.00' />
  <meta name='ocr-capabilities' content='ocr_page ocr_carea ocr_par ocr_line ocrx_word'/>
</head>
<body>
  <div class='ocr_page' id='page_1' title='image "./commentatiocrit01karsgoog_0142.png"; bbox 0 0 3092 5084; ppageno 0'>
   <div class='ocr_carea' id='block_1_1' title="bbox 1611 472 1730 533">
    <p class='ocr_par' dir='ltr' id='par_1_1' title="bbox 1611 472 1730 533">
     <span class='ocr_line' id='line_1_1' title="bbox 1611 472 1730 533; baseline -0.017 0"><span class='ocrx_word' id='word_1_1' title='bbox 1611 472 1730 533; x_wconf 70' lang='lat'><em>112</em></span> 
     </span>
    </p>
   </div>
   <div class='ocr_carea' id='block_1_2' title="bbox 647 657 2718 4316">
    <p class='ocr_par' dir='ltr' id='par_1_2' title="bbox 647 657 2718 4316">
     <span class='ocr_line' id='line_1_2' title="bbox 654 657 2674 759; baseline -0 -18"><span class='ocrx_word' id='word_1_2' title='bbox 654 691 745 749; x_wconf 78' lang='grc' dir='ltr'><em>λις</em></span> <span class='ocrx_word' id='word_1_3' title='bbox 763 730 781 755; x_wconf 88' lang='grc'><strong>,</strong></span> <span class='ocrx_word' id='word_1_4' title='bbox 830 679 1147 759; x_wconf 75' lang='grc' dir='ltr'><em>ἐλευθερίας</em></span> <span class='ocrx_word' id='word_1_5' title='bbox 1192 678 1495 759; x_wconf 75' lang='grc' dir='ltr'><em>διψήσασα</em></span> <span class='ocrx_word' id='word_1_6' title='bbox 1516 728 1529 742; x_wconf 92' lang='grc'><strong>.</strong></span> <span class='ocrx_word' id='word_1_7' title='bbox 1555 657 1608 742; x_wconf 19' lang='grc'><em>,1.</em></span> <span class='ocrx_word' id='word_1_8' title='bbox 1646 677 1899 757; x_wconf 84' lang='grc' dir='ltr'><em>άκράτου</em></span> <span class='ocrx_word' id='word_1_9' title='bbox 1937 681 2122 753; x_wconf 77' lang='grc' dir='ltr'><em>αὐτῆς</em></span> <span class='ocrx_word' id='word_1_10' title='bbox 2166 680 2433 759; x_wconf 54' lang='grc' dir='ltr'><em>μεθυσθῇ.</em></span> <span class='ocrx_word' id='word_1_11' title='bbox 2487 676 2674 758; x_wconf 77' lang='lat' dir='ltr'><strong>Quod</strong></span> 
     </span>
     <span class='ocr_line' id='line_1_3' title="bbox 654 795 2674 877; baseline -0 -16"><span class='ocrx_word' id='word_1_12' title='bbox 654 804 859 861; x_wconf 82' lang='lat' dir='ltr'><strong>autem</strong></span> <span class='ocrx_word' id='word_1_13' title='bbox 912 797 998 861; x_wconf 90' lang='lat' dir='ltr'><em>ibi</em></span> <span class='ocrx_word' id='word_1_14' title='bbox 1046 796 1271 862; x_wconf 82' lang='lat' dir='ltr'><strong>dicitur</strong></span> <span class='ocrx_word' id='word_1_15' title='bbox 1296 801 1329 874; x_wconf 80' lang='grc' dir='ltr'><strong><em>ἡ</em></strong></span> <span class='ocrx_word' id='word_1_16' title='bbox 1353 795 1515 875; x_wconf 72' lang='grc' dir='ltr'><em>άγαν</em></span> <span class='ocrx_word' id='word_1_17' title='bbox 1538 797 1832 877; x_wconf 79' lang='grc' dir='ltr'><em>άναρχία,</em></span> <span class='ocrx_word' id='word_1_18' title='bbox 1857 797 2086 861; x_wconf 85' lang='lat' dir='ltr'><strong>factum</strong></span> <span class='ocrx_word' id='word_1_19' title='bbox 2111 797 2187 862; x_wconf 86' lang='lat' dir='ltr'><em>ad</em></span> <span class='ocrx_word' id='word_1_20' title='bbox 2211 796 2674 861; x_wconf 84' lang='lat' dir='ltr'><strong>similitudinem</strong></span> 
     </span>
     <span class='ocr_line' id='line_1_4' title="bbox 652 914 2667 1001; baseline 0 -23"><span class='ocrx_word' id='word_1_21' title='bbox 652 914 802 980; x_wconf 90' lang='lat' dir='ltr'><strong>dicti</strong></span> <span class='ocrx_word' id='word_1_22' title='bbox 846 915 1156 994; x_wconf 80' lang='lat' dir='ltr'><strong>Platonis,</strong></span> <span class='ocrx_word' id='word_1_23' title='bbox 1206 920 1239 993; x_wconf 75' lang='grc' dir='ltr'><em>ἦ</em></span> <span class='ocrx_word' id='word_1_24' title='bbox 1292 914 1454 994; x_wconf 72' lang='grc' dir='ltr'><em>ἄγαν</em></span> <span class='ocrx_word' id='word_1_25' title='bbox 1500 916 1788 997; x_wconf 77' lang='grc' dir='ltr'><em>ἐλευθερία</em></span> <span class='ocrx_word' id='word_1_26' title='bbox 1805 968 1824 993; x_wconf 88' lang='grc'>,</span> <span class='ocrx_word' id='word_1_27' title='bbox 1874 915 2038 1000; x_wconf 87' lang='lat' dir='ltr'><strong>quod</strong></span> <span class='ocrx_word' id='word_1_28' title='bbox 2085 916 2345 1001; x_wconf 86' lang='lat' dir='ltr'><strong>legimus</strong></span> <span class='ocrx_word' id='word_1_29' title='bbox 2369 917 2434 979; x_wconf 89' lang='lat' dir='ltr'><em>in</em></span> <span class='ocrx_word' id='word_1_30' title='bbox 2459 916 2667 981; x_wconf 78' lang='lat' dir='ltr'><strong>eodem</strong></span> 
     </span>
     <span class='ocr_line' id='line_1_5' title="bbox 651 1018 2673 1119; baseline 0 -23"><span class='ocrx_word' id='word_1_31' title='bbox 651 1032 807 1098; x_wconf 88' lang='lat' dir='ltr'>libro</span> <span class='ocrx_word' id='word_1_32' title='bbox 879 1032 955 1097; x_wconf 86' lang='lat' dir='ltr'><em>de</em></span> <span class='ocrx_word' id='word_1_33' title='bbox 1025 1032 1176 1119; x_wconf 83' lang='lat' dir='ltr'><strong>Rep.</strong></span> <span class='ocrx_word' id='word_1_34' title='bbox 1250 1056 1310 1119; x_wconf 88' lang='lat' dir='ltr'><em>p.</em></span> <span class='ocrx_word' id='word_1_35' title='bbox 1379 1035 1505 1096; x_wconf 82' lang='lat'><em>564</em></span> <span class='ocrx_word' id='word_1_36' title='bbox 1568 1035 1652 1096; x_wconf 88' lang='lat' dir='ltr'><em>A:</em></span> <span class='ocrx_word' id='word_1_37' title='bbox 1731 1035 1765 1109; x_wconf 78' lang='grc' dir='ltr'><em>ἦ</em></span> <span class='ocrx_word' id='word_1_38' title='bbox 1825 1034 1944 1115; x_wconf 74' lang='grc' dir='ltr'><em>γὰρ</em></span> <span class='ocrx_word' id='word_1_39' title='bbox 2003 1018 2166 1111; x_wconf 72' lang='grc' dir='ltr'><em>ἄγαν</em></span> <span class='ocrx_word' id='word_1_40' title='bbox 2226 1034 2512 1115; x_wconf 82' lang='grc' dir='ltr'><em>ἐλευθερία</em></span> <span class='ocrx_word' id='word_1_41' title='bbox 2570 1032 2673 1098; x_wconf 82' lang='grc' dir='ltr'><em>ἔοι-</em></span> 
     </span>
     <span class='ocr_line' id='line_1_6' title="bbox 651 1150 2670 1231; baseline -0 -15"><span class='ocrx_word' id='word_1_42' title='bbox 651 1177 747 1217; x_wconf 86' lang='grc' dir='ltr'><em>κεν</em></span> <span class='ocrx_word' id='word_1_43' title='bbox 806 1156 905 1217; x_wconf 81' lang='grc' dir='ltr'><em>οὐκ</em></span> <span class='ocrx_word' id='word_1_44' title='bbox 963 1153 1042 1223; x_wconf 83' lang='grc' dir='ltr'><em>εἰς</em></span> <span class='ocrx_word' id='word_1_45' title='bbox 1102 1152 1254 1217; x_wconf 78' lang='grc' dir='ltr'><em>ἄλλο</em></span> <span class='ocrx_word' id='word_1_46' title='bbox 1314 1177 1370 1217; x_wconf 89' lang='grc' dir='ltr'><em>τι</em></span> <span class='ocrx_word' id='word_1_47' title='bbox 1444 1153 1477 1228; x_wconf 80' lang='grc' dir='ltr'>ἢ</span> <span class='ocrx_word' id='word_1_48' title='bbox 1539 1153 1620 1224; x_wconf 81' lang='grc' dir='ltr'><em>εἰς</em></span> <span class='ocrx_word' id='word_1_49' title='bbox 1682 1150 1846 1229; x_wconf 69' lang='grc' dir='ltr'><em>ἄγαν</em></span> <span class='ocrx_word' id='word_1_50' title='bbox 1905 1152 2162 1219; x_wconf 78' lang='grc' dir='ltr'><em>δουλείαν</em></span> <span class='ocrx_word' id='word_1_51' title='bbox 2225 1152 2670 1231; x_wconf 74' lang='grc' dir='ltr'><em>μεταβάλλεινε</em></span> 
     </span>
     <span class='ocr_line' id='line_1_7' title="bbox 652 1271 2674 1359; baseline 0 -25"><span class='ocrx_word' id='word_1_52' title='bbox 652 1271 877 1355; x_wconf 83' lang='lat' dir='ltr'><strong>quibus</strong></span> <span class='ocrx_word' id='word_1_53' title='bbox 893 1320 911 1348; x_wconf 92' lang='lat'><strong><em>,</em></strong></span> <span class='ocrx_word' id='word_1_54' title='bbox 959 1272 1213 1335; x_wconf 84' lang='lat' dir='ltr'><strong>mutatis</strong></span> <span class='ocrx_word' id='word_1_55' title='bbox 1262 1272 1488 1350; x_wconf 52' lang='lat' dir='ltr'><strong>verbm,</strong></span> <span class='ocrx_word' id='word_1_56' title='bbox 1535 1271 1910 1358; x_wconf 85' lang='lat' dir='ltr'><strong>respondent</strong></span> <span class='ocrx_word' id='word_1_57' title='bbox 1952 1272 2102 1337; x_wconf 85' lang='lat' dir='ltr'><strong>haec</strong></span> <span class='ocrx_word' id='word_1_58' title='bbox 2134 1274 2388 1357; x_wconf 84' lang='lat' dir='ltr'><strong>quaein</strong></span> <span class='ocrx_word' id='word_1_59' title='bbox 2419 1272 2674 1359; x_wconf 86' lang='lat' dir='ltr'><strong>epistola</strong></span> 
     </span>
     <span class='ocr_line' id='line_1_8' title="bbox 654 1390 2671 1477; baseline -0 -23"><span class='ocrx_word' id='word_1_60' title='bbox 654 1390 941 1475; x_wconf 84' lang='lat' dir='ltr'><strong>deinceps</strong></span> <span class='ocrx_word' id='word_1_61' title='bbox 987 1391 1303 1477; x_wconf 85' lang='lat' dir='ltr'><strong>leguntur:</strong></span> <span class='ocrx_word' id='word_1_62' title='bbox 1353 1391 1581 1458; x_wconf 76' lang='grc' dir='ltr'><em>δουλεία</em></span> <span class='ocrx_word' id='word_1_63' title='bbox 1612 1394 1731 1474; x_wconf 70' lang='grc' dir='ltr'><em>γαρ</em></span> <span class='ocrx_word' id='word_1_64' title='bbox 1758 1392 1859 1457; x_wconf 82' lang='grc' dir='ltr'><em>καὶ</em></span> <span class='ocrx_word' id='word_1_65' title='bbox 1902 1392 2188 1472; x_wconf 83' lang='grc' dir='ltr'><em>ἐλευθερία</em></span> <span class='ocrx_word' id='word_1_66' title='bbox 2215 1392 2671 1472; x_wconf 70' lang='grc' dir='ltr'><em>ὑπερβάλλουσα</em></span> 
     </span>
     <span class='ocr_line' id='line_1_9' title="bbox 652 1506 2670 1593; baseline -0.001 -19"><span class='ocrx_word' id='word_1_67' title='bbox 652 1510 759 1588; x_wconf 79' lang='grc' dir='ltr'><em>μὲν</em></span> <span class='ocrx_word' id='word_1_68' title='bbox 820 1511 1068 1589; x_wconf 66' lang='grc' dir='ltr'><em>ἑκατέρα</em></span> <span class='ocrx_word' id='word_1_69' title='bbox 1138 1510 1481 1589; x_wconf 71' lang='grc' dir='ltr'><em>πάγκακον,</em></span> <span class='ocrx_word' id='word_1_70' title='bbox 1526 1512 1810 1593; x_wconf 81' lang='grc' dir='ltr'><em>ἔμμετρος</em></span> <span class='ocrx_word' id='word_1_71' title='bbox 1857 1511 1904 1573; x_wconf 80' lang='grc' dir='ltr'><em>δ’</em></span> <span class='ocrx_word' id='word_1_72' title='bbox 1926 1506 2068 1575; x_wconf 80' lang='grc' dir='ltr'><em>οὖσα</em></span> <span class='ocrx_word' id='word_1_73' title='bbox 2122 1511 2482 1587; x_wconf 70' lang='grc' dir='ltr'><em>πανάγαθον.</em></span> <span class='ocrx_word' id='word_1_74' title='bbox 2553 1509 2670 1573; x_wconf 82' lang='lat' dir='ltr'><em>His</em></span> 
     </span>
     <span class='ocr_line' id='line_1_10' title="bbox 653 1628 2664 1715; baseline 0 -24"><span class='ocrx_word' id='word_1_75' title='bbox 653 1636 861 1693; x_wconf 81' lang='lat' dir='ltr'><strong>autem</strong></span> <span class='ocrx_word' id='word_1_76' title='bbox 922 1628 1321 1714; x_wconf 83' lang='lat' dir='ltr'><strong>subjungitur</strong></span> <span class='ocrx_word' id='word_1_77' title='bbox 1383 1629 1690 1715; x_wconf 80' lang='lat' dir='ltr'><strong>praeclara</strong></span> <span class='ocrx_word' id='word_1_78' title='bbox 1739 1630 2065 1694; x_wconf 86' lang='lat' dir='ltr'><strong>sententia:</strong></span> <span class='ocrx_word' id='word_1_79' title='bbox 2114 1631 2326 1710; x_wconf 83' lang='grc' dir='ltr'><em>μετρία</em></span> <span class='ocrx_word' id='word_1_80' title='bbox 2385 1630 2442 1694; x_wconf 79' lang='grc' dir='ltr'><em>δὲ</em></span> <span class='ocrx_word' id='word_1_81' title='bbox 2489 1632 2523 1705; x_wconf 80' lang='grc' dir='ltr'><em>ἡ</em></span> <span class='ocrx_word' id='word_1_82' title='bbox 2562 1630 2664 1709; x_wconf 73' lang='grc' dir='ltr'><em>θεῷ</em></span> 
     </span>
     <span class='ocr_line' id='line_1_11' title="bbox 650 1741 2718 1830; baseline -0 -18"><span class='ocrx_word' id='word_1_83' title='bbox 650 1748 912 1826; x_wconf 76' lang='grc' dir='ltr'><em>δουλεία,</em></span> <span class='ocrx_word' id='word_1_84' title='bbox 952 1747 1200 1829; x_wconf 70' lang='grc' dir='ltr'><em>ἄμετρος</em></span> <span class='ocrx_word' id='word_1_85' title='bbox 1247 1749 1305 1812; x_wconf 78' lang='grc' dir='ltr'><em>δὲ</em></span> <span class='ocrx_word' id='word_1_86' title='bbox 1352 1752 1385 1825; x_wconf 77' lang='grc' dir='ltr'><strong><em>ἦ</em></strong></span> <span class='ocrx_word' id='word_1_87' title='bbox 1430 1756 1548 1821; x_wconf 84' lang='grc' dir='ltr'><em>τοῖς</em></span> <span class='ocrx_word' id='word_1_88' title='bbox 1595 1748 1898 1829; x_wconf 73' lang='grc' dir='ltr'><em>ἀνθρώποις</em></span> <span class='ocrx_word' id='word_1_89' title='bbox 1923 1741 1946 1783; x_wconf 75' lang='grc'><em>·’</em></span> <span class='ocrx_word' id='word_1_90' title='bbox 1988 1750 2105 1821; x_wconf 77' lang='grc' dir='ltr'><em>θεὸς</em></span> <span class='ocrx_word' id='word_1_91' title='bbox 2151 1749 2198 1813; x_wconf 75' lang='grc' dir='ltr'><em>δ’</em></span> <span class='ocrx_word' id='word_1_92' title='bbox 2221 1750 2520 1830; x_wconf 81' lang='grc' dir='ltr'><em>άνθρώποις</em></span> <span class='ocrx_word' id='word_1_93' title='bbox 2566 1750 2667 1811; x_wconf 73' lang='grc' dir='ltr'><em>σά·</em></span> <span class='ocrx_word' id='word_1_94' title='bbox 2712 1782 2718 1785; x_wconf 91' lang='lat'>·</span> 
     </span>
     <span class='ocr_line' id='line_1_12' title="bbox 650 1864 2666 1950; baseline -0.001 -19"><span class='ocrx_word' id='word_1_95' title='bbox 650 1873 817 1950; x_wconf 83' lang='grc' dir='ltr'><em>φροσι</em></span> <span class='ocrx_word' id='word_1_96' title='bbox 864 1868 1067 1950; x_wconf 77' lang='grc' dir='ltr'><em>νόμος,</em></span> <span class='ocrx_word' id='word_1_97' title='bbox 1113 1864 1325 1950; x_wconf 74' lang='grc' dir='ltr'><em>ἄφροσι</em></span> <span class='ocrx_word' id='word_1_98' title='bbox 1371 1868 1430 1931; x_wconf 78' lang='grc' dir='ltr'><em>δὲ</em></span> <span class='ocrx_word' id='word_1_99' title='bbox 1478 1869 1658 1945; x_wconf 80' lang='grc' dir='ltr'><em>ἡδονή.</em></span> <span class='ocrx_word' id='word_1_100' title='bbox 1730 1868 1936 1933; x_wconf 80' lang='lat' dir='ltr'><strong>Refert</strong></span> <span class='ocrx_word' id='word_1_101' title='bbox 1982 1870 2130 1933; x_wconf 83' lang='lat' dir='ltr'><strong>haec</strong></span> <span class='ocrx_word' id='word_1_102' title='bbox 2169 1868 2520 1933; x_wconf 77' lang='lat' dir='ltr'>nobilitatos</span> <span class='ocrx_word' id='word_1_103' title='bbox 2554 1868 2666 1929; x_wconf 86' lang='lat' dir='ltr'><em>hos</em></span> 
     </span>
     <span class='ocr_line' id='line_1_13' title="bbox 649 1984 2667 2071; baseline 0 -22"><span class='ocrx_word' id='word_1_104' title='bbox 649 1984 903 2049; x_wconf 80' lang='lat' dir='ltr'><strong>Pindari</strong></span> <span class='ocrx_word' id='word_1_105' title='bbox 958 2008 1201 2064; x_wconf 67' lang='lat' dir='ltr'><strong>vel-sue,</strong></span> <span class='ocrx_word' id='word_1_106' title='bbox 1253 2007 1403 2070; x_wconf 87' lang='lat' dir='ltr'>quos</span> <span class='ocrx_word' id='word_1_107' title='bbox 1448 2009 1573 2050; x_wconf 90' lang='lat' dir='ltr'><em>non</em></span> <span class='ocrx_word' id='word_1_108' title='bbox 1621 1986 1803 2050; x_wconf 86' lang='lat' dir='ltr'><strong>semel</strong></span> <span class='ocrx_word' id='word_1_109' title='bbox 1849 1988 2050 2071; x_wconf 85' lang='lat' dir='ltr'><strong>tangit</strong></span> <span class='ocrx_word' id='word_1_110' title='bbox 2093 1987 2303 2051; x_wconf 86' lang='lat' dir='ltr'><strong>Plato:</strong></span> <span class='ocrx_word' id='word_1_111' title='bbox 2359 1986 2590 2064; x_wconf 83' lang='grc' dir='ltr'><em>Νόμος,</em></span> <span class='ocrx_word' id='word_1_112' title='bbox 2640 1987 2667 2050; x_wconf 83' lang='grc' dir='ltr'><em>ὃ</em></span> 
     </span>
     <span class='ocr_line' id='line_1_14' title="bbox 649 2105 2666 2188; baseline -0.001 -18"><span class='ocrx_word' id='word_1_113' title='bbox 649 2105 881 2170; x_wconf 84' lang='grc' dir='ltr'><em>πάντων</em></span> <span class='ocrx_word' id='word_1_114' title='bbox 926 2106 1241 2188; x_wconf 83' lang='grc' dir='ltr'><em>βασιλεὺς,</em></span> <span class='ocrx_word' id='word_1_115' title='bbox 1290 2108 1501 2171; x_wconf 79' lang='grc' dir='ltr'><em>θνατῶν</em></span> <span class='ocrx_word' id='word_1_116' title='bbox 1545 2132 1614 2170; x_wconf 84' lang='grc' dir='ltr'><em>τε</em></span> <span class='ocrx_word' id='word_1_117' title='bbox 1666 2105 1765 2170; x_wconf 80' lang='grc' dir='ltr'><em>καὶ</em></span> <span class='ocrx_word' id='word_1_118' title='bbox 1811 2106 2147 2184; x_wconf 79' lang='grc' dir='ltr'><em>άθανάτων,</em></span> <span class='ocrx_word' id='word_1_119' title='bbox 2174 2105 2311 2184; x_wconf 59' lang='lat' dir='ltr'><em>dyst</em></span> <span class='ocrx_word' id='word_1_120' title='bbox 2343 2106 2568 2170; x_wconf 75' lang='grc' dir='ltr'><em>δικαιῶν</em></span> <span class='ocrx_word' id='word_1_121' title='bbox 2599 2106 2666 2169; x_wconf 79' lang='grc' dir='ltr'><em>τὸ</em></span> 
     </span>
     <span class='ocr_line' id='line_1_15' title="bbox 650 2221 2664 2305; baseline -0.002 -17"><span class='ocrx_word' id='word_1_122' title='bbox 650 2221 988 2301; x_wconf 82' lang='grc' dir='ltr'><em>βιαιότατον</em></span> <span class='ocrx_word' id='word_1_123' title='bbox 1036 2222 1335 2305; x_wconf 74' lang='grc' dir='ltr'><em>ὑπερτάτα</em></span> <span class='ocrx_word' id='word_1_124' title='bbox 1377 2224 1549 2304; x_wconf 81' lang='grc' dir='ltr'><em>χειρί.</em></span> <span class='ocrx_word' id='word_1_125' title='bbox 1600 2222 1740 2287; x_wconf 86' lang='lat' dir='ltr'><em>Vid.</em></span> <span class='ocrx_word' id='word_1_126' title='bbox 1789 2222 2039 2286; x_wconf 83' lang='lat' dir='ltr'><strong>Pindari</strong></span> <span class='ocrx_word' id='word_1_127' title='bbox 2085 2224 2156 2287; x_wconf 72' lang='lat' dir='ltr'><em>fr.</em></span> <span class='ocrx_word' id='word_1_128' title='bbox 2205 2230 2352 2287; x_wconf 88' lang='lat' dir='ltr'><em>tom.</em></span> <span class='ocrx_word' id='word_1_129' title='bbox 2402 2222 2540 2299; x_wconf 88' lang='lat' dir='ltr'>III,</span> <span class='ocrx_word' id='word_1_130' title='bbox 2573 2245 2664 2286; x_wconf 85' lang='lat' dir='ltr'><em>nr.</em></span> 
     </span>
     <span class='ocr_line' id='line_1_16' title="bbox 658 2338 2666 2425; baseline -0 -23"><span class='ocrx_word' id='word_1_131' title='bbox 658 2343 805 2405; x_wconf 87' lang='lat'>151.</span> <span class='ocrx_word' id='word_1_132' title='bbox 856 2339 951 2403; x_wconf 91' lang='lat' dir='ltr'><em>ed.</em></span> <span class='ocrx_word' id='word_1_133' title='bbox 998 2338 1267 2403; x_wconf 88' lang='lat' dir='ltr'><strong>Boeckh.</strong></span> <span class='ocrx_word' id='word_1_134' title='bbox 1315 2338 1473 2403; x_wconf 78' lang='lat' dir='ltr'><strong>Plat.</strong></span> <span class='ocrx_word' id='word_1_135' title='bbox 1523 2339 1690 2403; x_wconf 89' lang='lat' dir='ltr'><strong>Prot.</strong></span> <span class='ocrx_word' id='word_1_136' title='bbox 1740 2363 1799 2425; x_wconf 88' lang='lat' dir='ltr'><em>p.</em></span> <span class='ocrx_word' id='word_1_137' title='bbox 1854 2342 1972 2405; x_wconf 82' lang='lat'><em>137</em></span> <span class='ocrx_word' id='word_1_138' title='bbox 2005 2340 2080 2403; x_wconf 89' lang='lat' dir='ltr'><em>D.</em></span> <span class='ocrx_word' id='word_1_139' title='bbox 2116 2340 2190 2403; x_wconf 91' lang='lat' dir='ltr'><em>de</em></span> <span class='ocrx_word' id='word_1_140' title='bbox 2221 2339 2410 2423; x_wconf 83' lang='lat' dir='ltr'><strong>Legg.</strong></span> <span class='ocrx_word' id='word_1_141' title='bbox 2438 2338 2570 2418; x_wconf 87' lang='grc' dir='ltr'>ΙΙΙ,</span> <span class='ocrx_word' id='word_1_142' title='bbox 2605 2362 2666 2424; x_wconf 91' lang='lat' dir='ltr'><em>p.</em></span> 
     </span>
     <span class='ocr_line' id='line_1_17' title="bbox 658 2458 2544 2543; baseline -0.001 -21"><span class='ocrx_word' id='word_1_143' title='bbox 658 2462 783 2523; x_wconf 85' lang='grc'><em>690</em></span> <span class='ocrx_word' id='word_1_144' title='bbox 832 2460 922 2539; x_wconf 83' lang='grc' dir='ltr'><em>Β,</em></span> <span class='ocrx_word' id='word_1_145' title='bbox 979 2459 1054 2523; x_wconf 84' lang='lat' dir='ltr'><em>ad</em></span> <span class='ocrx_word' id='word_1_146' title='bbox 1105 2481 1287 2543; x_wconf 87' lang='lat' dir='ltr'><strong>quem</strong></span> <span class='ocrx_word' id='word_1_147' title='bbox 1331 2458 1534 2523; x_wconf 92' lang='lat' dir='ltr'><strong>locum</strong></span> <span class='ocrx_word' id='word_1_148' title='bbox 1583 2459 1657 2523; x_wconf 87' lang='lat' dir='ltr'><em>cf.</em></span> <span class='ocrx_word' id='word_1_149' title='bbox 1708 2460 1870 2522; x_wconf 82' lang='lat' dir='ltr'><strong>Astii</strong></span> <span class='ocrx_word' id='word_1_150' title='bbox 1915 2459 2236 2523; x_wconf 86' lang='lat' dir='ltr'><strong>Animadv.</strong></span> <span class='ocrx_word' id='word_1_151' title='bbox 2286 2482 2346 2543; x_wconf 88' lang='lat' dir='ltr'><em>p.</em></span> <span class='ocrx_word' id='word_1_152' title='bbox 2400 2460 2544 2523; x_wconf 91' lang='grc'><strong>170.</strong></span> 
     </span>
     <span class='ocr_line' id='line_1_18' title="bbox 744 2576 2670 2660; baseline -0.002 -19"><span class='ocrx_word' id='word_1_153' title='bbox 744 2578 947 2642; x_wconf 84' lang='lat' dir='ltr'><strong>Etiam</strong></span> <span class='ocrx_word' id='word_1_154' title='bbox 1031 2578 1095 2641; x_wconf 89' lang='lat' dir='ltr'><em>in</em></span> <span class='ocrx_word' id='word_1_155' title='bbox 1170 2578 1244 2641; x_wconf 87' lang='lat' dir='ltr'><em>iis</em></span> <span class='ocrx_word' id='word_1_156' title='bbox 1315 2598 1469 2660; x_wconf 83' lang='lat' dir='ltr'><strong>quae</strong></span> <span class='ocrx_word' id='word_1_157' title='bbox 1530 2576 1792 2640; x_wconf 86' lang='lat' dir='ltr'><strong>Dionem</strong></span> <span class='ocrx_word' id='word_1_158' title='bbox 1854 2576 2155 2640; x_wconf 85' lang='lat' dir='ltr'><strong>dicentem</strong></span> <span class='ocrx_word' id='word_1_159' title='bbox 2214 2576 2358 2640; x_wconf 86' lang='lat' dir='ltr'><strong>facit</strong></span> <span class='ocrx_word' id='word_1_160' title='bbox 2412 2576 2489 2641; x_wconf 87' lang='lat' dir='ltr'><em>de</em></span> <span class='ocrx_word' id='word_1_161' title='bbox 2549 2598 2670 2639; x_wconf 81' lang='lat' dir='ltr'><em>ma-</em></span> 
     </span>
     <span class='ocr_line' id='line_1_19' title="bbox 653 2693 2670 2781; baseline -0.001 -21"><span class='ocrx_word' id='word_1_162' title='bbox 653 2696 1010 2781; x_wconf 85' lang='lat' dir='ltr'><strong>gistratibus</strong></span> <span class='ocrx_word' id='word_1_163' title='bbox 1078 2718 1270 2759; x_wconf 84' lang='lat' dir='ltr'><strong>novae</strong></span> <span class='ocrx_word' id='word_1_164' title='bbox 1338 2695 1569 2759; x_wconf 85' lang='lat' dir='ltr'><strong>civitati</strong></span> <span class='ocrx_word' id='word_1_165' title='bbox 1637 2694 2052 2779; x_wconf 71' lang='lat' dir='ltr'><strong>praeficiendis</strong></span> <span class='ocrx_word' id='word_1_166' title='bbox 2105 2695 2423 2759; x_wconf 83' lang='lat' dir='ltr'><strong>manifeste</strong></span> <span class='ocrx_word' id='word_1_167' title='bbox 2467 2693 2670 2757; x_wconf 84' lang='lat' dir='ltr'><strong>Plato-</strong></span> 
     </span>
     <span class='ocr_line' id='line_1_20' title="bbox 650 2813 2667 2899; baseline -0.001 -19"><span class='ocrx_word' id='word_1_168' title='bbox 650 2838 792 2880; x_wconf 89' lang='lat' dir='ltr'><em>nem</em></span> <span class='ocrx_word' id='word_1_169' title='bbox 854 2823 1099 2879; x_wconf 82' lang='lat' dir='ltr'><strong>secutus</strong></span> <span class='ocrx_word' id='word_1_170' title='bbox 1163 2823 1289 2893; x_wconf 88' lang='lat' dir='ltr'><strong>est,</strong></span> <span class='ocrx_word' id='word_1_171' title='bbox 1363 2834 1771 2899; x_wconf 83' lang='lat' dir='ltr'><strong>quamquam,</strong></span> <span class='ocrx_word' id='word_1_172' title='bbox 1834 2814 2138 2878; x_wconf 86' lang='lat' dir='ltr'><strong>oblivione</strong></span> <span class='ocrx_word' id='word_1_173' title='bbox 2211 2838 2286 2877; x_wconf 84' lang='lat' dir='ltr'><em>an</em></span> <span class='ocrx_word' id='word_1_174' title='bbox 2349 2813 2631 2878; x_wconf 88' lang='lat' dir='ltr'><strong>consulto</strong></span> <span class='ocrx_word' id='word_1_175' title='bbox 2649 2864 2667 2891; x_wconf 93' lang='lat'><em>‚</em></span> 
     </span>
     <span class='ocr_line' id='line_1_21' title="bbox 652 2932 2666 3020; baseline -0.001 -24"><span class='ocrx_word' id='word_1_176' title='bbox 652 2933 837 2998; x_wconf 87' lang='lat' dir='ltr'><strong>huius</strong></span> <span class='ocrx_word' id='word_1_177' title='bbox 899 2943 1220 3020; x_wconf 81' lang='lat' dir='ltr'><strong>praecepta</strong></span> <span class='ocrx_word' id='word_1_178' title='bbox 1273 2933 1525 3018; x_wconf 88' lang='lat' dir='ltr'><strong>paulum</strong></span> <span class='ocrx_word' id='word_1_179' title='bbox 1574 2934 1938 3005; x_wconf 67' lang='lat' dir='ltr'><strong>immutavit.</strong></span> <span class='ocrx_word' id='word_1_180' title='bbox 2031 2932 2306 2997; x_wconf 87' lang='lat' dir='ltr'><strong>Primum</strong></span> <span class='ocrx_word' id='word_1_181' title='bbox 2346 2932 2557 3018; x_wconf 81' lang='lat' dir='ltr'><strong>jubet,</strong></span> <span class='ocrx_word' id='word_1_182' title='bbox 2607 2955 2666 3016; x_wconf 91' lang='lat' dir='ltr'><em>p.</em></span> 
     </span>
     <span class='ocr_line' id='line_1_22' title="bbox 652 3032 2666 3139; baseline -0.001 -23"><span class='ocrx_word' id='word_1_183' title='bbox 652 3055 780 3116; x_wconf 86' lang='lat'><em>356</em></span> <span class='ocrx_word' id='word_1_184' title='bbox 828 3052 917 3116; x_wconf 90' lang='lat' dir='ltr'><em>D:</em></span> <span class='ocrx_word' id='word_1_185' title='bbox 990 3053 1244 3131; x_wconf 83' lang='grc' dir='ltr'><em>πολέμου</em></span> <span class='ocrx_word' id='word_1_186' title='bbox 1291 3078 1358 3119; x_wconf 85' lang='grc' dir='ltr'><em>τε</em></span> <span class='ocrx_word' id='word_1_187' title='bbox 1401 3054 1498 3117; x_wconf 77' lang='grc' dir='ltr'><em>καὶ</em></span> <span class='ocrx_word' id='word_1_188' title='bbox 1555 3054 1766 3139; x_wconf 73' lang='grc' dir='ltr'><em>εἰρήνης</em></span> <span class='ocrx_word' id='word_1_189' title='bbox 1812 3052 2106 3134; x_wconf 70' lang='grc' dir='ltr'><em>ἄρχοντας</em></span> <span class='ocrx_word' id='word_1_190' title='bbox 2154 3032 2666 3131; x_wconf 77' lang='grc' dir='ltr'><em>νομοφύλακας</em></span> 
     </span>
     <span class='ocr_line' id='line_1_23' title="bbox 651 3168 2667 3252; baseline -0.001 -17"><span class='ocrx_word' id='word_1_191' title='bbox 651 3172 1031 3249; x_wconf 79' lang='grc' dir='ltr'><em>ποιήσασθαι,</em></span> <span class='ocrx_word' id='word_1_192' title='bbox 1094 3170 1325 3251; x_wconf 79' lang='grc' dir='ltr'><em>άριθμὸν</em></span> <span class='ocrx_word' id='word_1_193' title='bbox 1385 3168 1774 3252; x_wconf 84' lang='grc' dir='ltr'><em>τριάκοντα</em></span> <span class='ocrx_word' id='word_1_194' title='bbox 1818 3170 1940 3235; x_wconf 78' lang='grc' dir='ltr'><em>καὶ</em></span> <span class='ocrx_word' id='word_1_195' title='bbox 1987 3169 2231 3247; x_wconf 82' lang='grc' dir='ltr'><em>πέντε,</em></span> <span class='ocrx_word' id='word_1_196' title='bbox 2279 3170 2442 3247; x_wconf 71' lang='grc' dir='ltr'><em>μετὰ</em></span> <span class='ocrx_word' id='word_1_197' title='bbox 2487 3169 2667 3243; x_wconf 74' lang='grc' dir='ltr'><em>δήμου</em></span> 
     </span>
     <span class='ocr_line' id='line_1_24' title="bbox 650 3285 2665 3370; baseline -0.002 -17"><span class='ocrx_word' id='word_1_198' title='bbox 650 3288 747 3353; x_wconf 78' lang='grc' dir='ltr'><em>καὶ</em></span> <span class='ocrx_word' id='word_1_199' title='bbox 794 3289 1014 3367; x_wconf 77' lang='grc' dir='ltr'><em>βουλῆς</em></span> <span class='ocrx_word' id='word_1_200' title='bbox 1042 3309 1056 3324; x_wconf 91' lang='grc'><em>·</em></span> <span class='ocrx_word' id='word_1_201' title='bbox 1106 3289 1445 3370; x_wconf 75' lang='grc' dir='ltr'><em>δικαστήρια</em></span> <span class='ocrx_word' id='word_1_202' title='bbox 1489 3289 1540 3353; x_wconf 77' lang='grc' dir='ltr'><em>δ’</em></span> <span class='ocrx_word' id='word_1_203' title='bbox 1564 3288 1732 3353; x_wconf 71' lang='grc' dir='ltr'><em>ἄλλα</em></span> <span class='ocrx_word' id='word_1_204' title='bbox 1775 3289 1881 3364; x_wconf 79' lang='grc' dir='ltr'><em>μὲν</em></span> <span class='ocrx_word' id='word_1_205' title='bbox 1925 3285 2154 3370; x_wconf 74' lang='grc' dir='ltr'><em>ἄλλων,</em></span> <span class='ocrx_word' id='word_1_206' title='bbox 2201 3286 2445 3353; x_wconf 78' lang='grc' dir='ltr'><em>θανάτου</em></span> <span class='ocrx_word' id='word_1_207' title='bbox 2477 3286 2665 3351; x_wconf 76' lang='grc' dir='ltr'><em>δὲκαὶ</em></span> 
     </span>
     <span class='ocr_line' id='line_1_25' title="bbox 647 3404 2666 3488; baseline -0.002 -17"><span class='ocrx_word' id='word_1_208' title='bbox 647 3416 851 3488; x_wconf 45' lang='grc' dir='ltr'><em>Φυλῆς</em></span> <span class='ocrx_word' id='word_1_209' title='bbox 927 3406 1056 3479; x_wconf 81' lang='grc' dir='ltr'><em>τούς</em></span> <span class='ocrx_word' id='word_1_210' title='bbox 1127 3431 1197 3470; x_wconf 87' lang='grc' dir='ltr'><em>τε</em></span> <span class='ocrx_word' id='word_1_211' title='bbox 1267 3407 1439 3471; x_wconf 79' lang='grc' dir='ltr'><em>πέντε</em></span> <span class='ocrx_word' id='word_1_212' title='bbox 1508 3406 1607 3470; x_wconf 79' lang='grc' dir='ltr'><em>καὶ</em></span> <span class='ocrx_word' id='word_1_213' title='bbox 1679 3406 1986 3486; x_wconf 83' lang='grc' dir='ltr'><em>τριάκοντα</em></span> <span class='ocrx_word' id='word_1_214' title='bbox 2056 3406 2361 3486; x_wconf 81' lang='grc' dir='ltr'><em>ὑπάρχειν.</em></span> <span class='ocrx_word' id='word_1_215' title='bbox 2463 3404 2666 3468; x_wconf 82' lang='lat' dir='ltr'><strong>Etiam</strong></span> 
     </span>
     <span class='ocr_line' id='line_1_26' title="bbox 649 3522 2668 3610; baseline -0.002 -22"><span class='ocrx_word' id='word_1_216' title='bbox 649 3524 813 3609; x_wconf 80' lang='lat' dir='ltr'><strong>apud</strong></span> <span class='ocrx_word' id='word_1_217' title='bbox 882 3524 1200 3589; x_wconf 84' lang='lat' dir='ltr'><strong>Platonem</strong></span> <span class='ocrx_word' id='word_1_218' title='bbox 1250 3524 1324 3587; x_wconf 89' lang='lat' dir='ltr'><em>de</em></span> <span class='ocrx_word' id='word_1_219' title='bbox 1392 3522 1583 3609; x_wconf 86' lang='lat' dir='ltr'><strong>Legg.</strong></span> <span class='ocrx_word' id='word_1_220' title='bbox 1649 3523 1760 3602; x_wconf 82' lang='lat' dir='ltr'><em>VI,</em></span> <span class='ocrx_word' id='word_1_221' title='bbox 1824 3548 1884 3610; x_wconf 87' lang='lat' dir='ltr'><em>p.</em></span> <span class='ocrx_word' id='word_1_222' title='bbox 1938 3526 2060 3590; x_wconf 74' lang='lat'><em>752</em></span> <span class='ocrx_word' id='word_1_223' title='bbox 2110 3524 2168 3586; x_wconf 90' lang='lat' dir='ltr'><strong>D</strong></span> <span class='ocrx_word' id='word_1_224' title='bbox 2187 3573 2204 3601; x_wconf 87' lang='lat'>‚</span> <span class='ocrx_word' id='word_1_225' title='bbox 2254 3531 2668 3587; x_wconf 85' lang='lat' dir='ltr'><strong>memorantur</strong></span> 
     </span>
     <span class='ocr_line' id='line_1_27' title="bbox 648 3630 2667 3724; baseline -0.001 -18"><span class='ocrx_word' id='word_1_226' title='bbox 648 3643 1053 3724; x_wconf 77' lang='grc' dir='ltr'><em>νομοφύλακες</em></span> <span class='ocrx_word' id='word_1_227' title='bbox 1072 3692 1090 3721; x_wconf 88' lang='grc'>,</span> <span class='ocrx_word' id='word_1_228' title='bbox 1154 3643 1257 3707; x_wconf 86' lang='lat' dir='ltr'><em>sed</em></span> <span class='ocrx_word' id='word_1_229' title='bbox 1323 3664 1578 3707; x_wconf 85' lang='lat' dir='ltr'><strong>numero</strong></span> <span class='ocrx_word' id='word_1_230' title='bbox 1638 3630 1943 3722; x_wconf 64' lang='grc' dir='ltr'><em>τριάαοντα</em></span> <span class='ocrx_word' id='word_1_231' title='bbox 1998 3642 2098 3707; x_wconf 80' lang='grc' dir='ltr'><em>καὶ</em></span> <span class='ocrx_word' id='word_1_232' title='bbox 2145 3640 2174 3705; x_wconf 75' lang='grc' dir='ltr'>ἕ</span> <span class='ocrx_word' id='word_1_233' title='bbox 2188 3663 2348 3707; x_wconf 88' lang='grc' dir='ltr'><em>πτα</em></span> <span class='ocrx_word' id='word_1_234' title='bbox 2365 3690 2383 3719; x_wconf 87' lang='grc'><strong><em>,</em></strong></span> <span class='ocrx_word' id='word_1_235' title='bbox 2433 3663 2667 3704; x_wconf 89' lang='lat' dir='ltr'><strong>eorum-</strong></span> 
     </span>
     <span class='ocr_line' id='line_1_28' title="bbox 650 3759 2663 3845; baseline -0.001 -20"><span class='ocrx_word' id='word_1_236' title='bbox 650 3783 770 3844; x_wconf 91' lang='lat' dir='ltr'><em>que</em></span> <span class='ocrx_word' id='word_1_237' title='bbox 827 3761 1224 3845; x_wconf 82' lang='lat' dir='ltr'><strong>praecipuum</strong></span> <span class='ocrx_word' id='word_1_238' title='bbox 1284 3784 1509 3825; x_wconf 87' lang='lat' dir='ltr'><strong>munus</strong></span> <span class='ocrx_word' id='word_1_239' title='bbox 1573 3768 1664 3825; x_wconf 88' lang='lat' dir='ltr'><em>est</em></span> <span class='ocrx_word' id='word_1_240' title='bbox 1724 3768 1794 3824; x_wconf 90' lang='lat' dir='ltr'><em>ut</em></span> <span class='ocrx_word' id='word_1_241' title='bbox 1855 3761 1977 3824; x_wconf 85' lang='lat' dir='ltr'><strong>sint</strong></span> <span class='ocrx_word' id='word_1_242' title='bbox 2036 3769 2282 3841; x_wconf 80' lang='grc' dir='ltr'><em>σωτῆρες</em></span> <span class='ocrx_word' id='word_1_243' title='bbox 2341 3759 2554 3838; x_wconf 83' lang='grc' dir='ltr'><em>νόμων,</em></span> <span class='ocrx_word' id='word_1_244' title='bbox 2603 3782 2663 3845; x_wconf 91' lang='lat' dir='ltr'><em>p.</em></span> 
     </span>
     <span class='ocr_line' id='line_1_29' title="bbox 653 3878 2665 3965; baseline -0.001 -21"><span class='ocrx_word' id='word_1_245' title='bbox 653 3882 777 3944; x_wconf 87' lang='grc'><em>770</em></span> <span class='ocrx_word' id='word_1_246' title='bbox 825 3879 915 3942; x_wconf 82' lang='lat' dir='ltr'><em>B:</em></span> <span class='ocrx_word' id='word_1_247' title='bbox 963 3880 1318 3965; x_wconf 79' lang='lat' dir='ltr'><strong>capitalium</strong></span> <span class='ocrx_word' id='word_1_248' title='bbox 1364 3902 1688 3944; x_wconf 80' lang='lat' dir='ltr'><strong>causarum</strong></span> <span class='ocrx_word' id='word_1_249' title='bbox 1733 3886 2194 3963; x_wconf 79' lang='lat' dir='ltr'><strong>ceterarumque</strong></span> <span class='ocrx_word' id='word_1_250' title='bbox 2211 3878 2515 3965; x_wconf 87' lang='lat' dir='ltr'><strong>judicium</strong></span> <span class='ocrx_word' id='word_1_251' title='bbox 2539 3901 2665 3943; x_wconf 89' lang='lat' dir='ltr'><em>non</em></span> 
     </span>
     <span class='ocr_line' id='line_1_30' title="bbox 649 3996 2667 4083; baseline 0 -23"><span class='ocrx_word' id='word_1_252' title='bbox 649 3998 744 4061; x_wconf 86' lang='lat' dir='ltr'><em>his</em></span> <span class='ocrx_word' id='word_1_253' title='bbox 806 3998 1085 4076; x_wconf 80' lang='lat' dir='ltr'><strong>mandat,</strong></span> <span class='ocrx_word' id='word_1_254' title='bbox 1148 3998 1253 4061; x_wconf 84' lang='lat' dir='ltr'><em>sed</em></span> <span class='ocrx_word' id='word_1_255' title='bbox 1307 3998 1601 4063; x_wconf 80' lang='lat' dir='ltr'><strong>tribunali</strong></span> <span class='ocrx_word' id='word_1_256' title='bbox 1655 3998 1732 4061; x_wconf 84' lang='lat' dir='ltr'><em>ad</em></span> <span class='ocrx_word' id='word_1_257' title='bbox 1786 3998 1850 4062; x_wconf 89' lang='lat' dir='ltr'><em>id</em></span> <span class='ocrx_word' id='word_1_258' title='bbox 1903 3998 2205 4063; x_wconf 79' lang='lat' dir='ltr'><strong>institute.</strong></span> <span class='ocrx_word' id='word_1_259' title='bbox 2300 3996 2475 4077; x_wconf 74' lang='lat' dir='ltr'><strong>Quae</strong></span> <span class='ocrx_word' id='word_1_260' title='bbox 2529 4005 2667 4083; x_wconf 83' lang='lat' dir='ltr'><strong>post</strong></span> 
     </span>
     <span class='ocr_line' id='line_1_31' title="bbox 647 4115 2666 4207; baseline 0 -28"><span class='ocrx_word' id='word_1_261' title='bbox 647 4115 797 4179; x_wconf 82' lang='lat' dir='ltr'><strong>haec</strong></span> <span class='ocrx_word' id='word_1_262' title='bbox 828 4116 1111 4201; x_wconf 85' lang='lat' dir='ltr'><strong>deinceps</strong></span> <span class='ocrx_word' id='word_1_263' title='bbox 1158 4123 1532 4201; x_wconf 82' lang='lat' dir='ltr'><strong>sequuntur:</strong></span> <span class='ocrx_word' id='word_1_264' title='bbox 1583 4116 1717 4196; x_wconf 81' lang='grc' dir='ltr'><em>πρὸς</em></span> <span class='ocrx_word' id='word_1_265' title='bbox 1762 4120 1980 4187; x_wconf 83' lang='grc' dir='ltr'><em>τούτοις</em></span> <span class='ocrx_word' id='word_1_266' title='bbox 2023 4120 2079 4182; x_wconf 80' lang='grc' dir='ltr'><em>τ’</em></span> <span class='ocrx_word' id='word_1_267' title='bbox 2103 4118 2403 4207; x_wconf 64' lang='grc' dir='ltr'><em>ἐκλεκτοὺς</em></span> <span class='ocrx_word' id='word_1_268' title='bbox 2427 4116 2666 4193; x_wconf 71' lang='grc' dir='ltr'><em>γίγνεσ-</em></span> 
     </span>
     <span class='ocr_line' id='line_1_32' title="bbox 648 4233 2663 4316; baseline -0 -18"><span class='ocrx_word' id='word_1_269' title='bbox 648 4237 737 4299; x_wconf 77' lang='grc' dir='ltr'><em>θαι</em></span> <span class='ocrx_word' id='word_1_270' title='bbox 786 4236 1067 4308; x_wconf 67' lang='grc' dir='ltr'><em>δικαστάς</em></span> <span class='ocrx_word' id='word_1_271' title='bbox 1115 4239 1179 4301; x_wconf 81' lang='grc' dir='ltr'><em>ἐκ</em></span> <span class='ocrx_word' id='word_1_272' title='bbox 1225 4242 1333 4301; x_wconf 77' lang='grc' dir='ltr'><em>τῶν</em></span> <span class='ocrx_word' id='word_1_273' title='bbox 1382 4242 1476 4300; x_wconf 76' lang='grc' dir='ltr'><em>νῦν</em></span> <span class='ocrx_word' id='word_1_274' title='bbox 1520 4236 1610 4300; x_wconf 75' lang='grc' dir='ltr'><em>άεὶ</em></span> <span class='ocrx_word' id='word_1_275' title='bbox 1661 4242 1964 4315; x_wconf 80' lang='grc' dir='ltr'><em>περυσινῶν</em></span> <span class='ocrx_word' id='word_1_276' title='bbox 2009 4235 2339 4316; x_wconf 79' lang='grc' dir='ltr'><em>άρχόντων,</em></span> <span class='ocrx_word' id='word_1_277' title='bbox 2403 4234 2491 4299; x_wconf 74' lang='grc' dir='ltr'><em>ἔν’</em></span> <span class='ocrx_word' id='word_1_278' title='bbox 2540 4233 2663 4311; x_wconf 65' lang='grc' dir='ltr'><em>ἀφ’</em></span> 
     </span>
    </p>
   </div>
  </div>
 </body>
</html>
