3092 5084
1369 460 1491 523 175

414 671 660 744 στήλαις
719 676 855 742 ταῖς
915 669 1000 732 ἔτι
1060 666 1403 748 σωζομένοως
1467 672 1672 732 ταῦτα
1729 666 2072 748 γεγράφθαι
2130 667 2423 746 λέγοντες.

414 787 641 852 Sensus
686 787 787 851 hic
832 794 956 850 est:
1006 785 1209 864 „Sunt
1255 787 1363 871 qui
1406 788 1816 851 narrationem
1862 787 1936 851 de
1982 787 2184 852 insula
2215 786 2427 851 Atlan-

412 905 541 970 tide
599 928 828 970 meram
902 905 1220 970 historiam
1296 927 1423 968 esse
1493 905 1700 968 dicant
1716 953 1741 983 ,ff
1800 914 1872 969 ut
1931 906 2164 990 primus
2225 905 2428 970 Plato·

413 1007 519 1088 nis·
555 1025 850 1110 interpres
898 1023 1175 1102 Crantor,
1227 1024 1337 1108 qui
1383 1024 1566 1088 refert
1607 1024 1788 1087 etiam
1818 1022 2065 1088 Platoni
2081 1025 2170 1088 ⁴ab
2212 1047 2428 1109 aequa-

413 1142 577 1208 libus
624 1142 1053 1228 exprobratum
1099 1165 1266 1221 esse,
1309 1141 1475 1226 quod
1519 1141 1841 1220 Politiam,
1890 1142 1951 1207 h.
1999 1165 2051 1206 e.
2101 1142 2425 1226 perfectam

415 1283 599 1345 quam
658 1262 834 1326 finxit
894 1261 1156 1325 civitatis
1221 1261 1479 1345 speciem
1495 1310 1515 1339 ,
1565 1283 1692 1324 non
1735 1261 1864 1352 ipse
1910 1262 2270 1341 invenisset,
2319 1261 2425 1326 sed

416 1373 548 1444 eam
594 1380 1009 1466 descripsisset
1054 1380 1131 1444 ab
1176 1379 1498 1464 Aegyptiis
1544 1378 2055 1464 (μεταγράφων-οι
2086 1380 2168 1444 τὰ
2198 1380 2427 1456 Αἰγυπ-

414 1499 599 1584 τίων),
649 1522 909 1583 eumque
954 1479 1113 1563 hano
1153 1499 1676 1582 exprobrationem
1708 1499 1865 1561 tanti
1896 1498 2134 1575 fecisse,
2167 1505 2268 1576 ut,
2302 1519 2426 1581 quo

418 1641 549 1682 eam
608 1619 1029 1702 redargueret,
1092 1617 1261 1708 illam
1313 1617 1545 1682 'I'imaei
1599 1618 2036 1693 narrationem,
2087 1616 2426 1681 secundum

419 1759 601 1821 quam
644 1737 1048 1801 Athenienses
1086 1736 1325 1800 dudum
1372 1745 1513 1800 ante
1559 1735 1780 1800 iisdem
1825 1737 2126 1799 institutis
2167 1758 2323 1819 quae
2361 1737 2427 1798 in

418 1855 643 1919 Politia
688 1857 969 1941 exposuit
1015 1856 1112 1923 usi
1158 1862 1391 1933 essent,
1441 1855 1762 1940 Aegyptiis
1809 1853 2156 1918 tribuerit.”
2224 1852 2427 1918 Verba

418 1973 907 2054 μεταγράφων-οι
966 1974 1047 2038 τὰ
1106 1974 1448 2050 Αἴγυν-τίων
1510 1971 1738 2057 ambigi
1798 1979 1998 2058 potest
2048 1972 2196 2057 quid
2243 1973 2427 2056 signi-

418 2071 631 2156 ficent:
694 2091 1106 2174 μεταγράφειν
1168 2093 1393 2155 dicitur
1454 2099 1513 2156 et
1572 2091 1650 2155 de
1696 2091 1985 2176 scriptore
2031 2091 2138 2175 qui
2178 2090 2423 2154 alterius

418 2211 641 2274 librum
687 2211 954 2274 describit
1003 2218 1064 2274 et
1110 2211 1185 2274 de
1231 2212 1460 2294 pictore
1508 2211 1618 2294 qui
1664 2231 1791 2274 rem
1837 2211 2104 2293 aliquam
2143 2211 2422 2274 imitando

418 2329 633 2414 refert,
682 2330 955 2410 depinqit.
1047 2328 1265 2412 Itaque
1328 2328 1639 2391 Crantoris
1701 2327 1882 2392 verba
1941 2335 2200 2412 possunt
2245 2328 2428 2411 signi-

418 2447 628 2523 ficare,
676 2446 991 2510 Platonem
1037 2447 1488 2530 Aegyptiorum
1536 2445 1724 2510 libros
1770 2446 2274 2542 transscripsisse,
2310 2445 2426 2508 hoc

418 2573 509 2628 est
568 2587 601 2628 e
661 2565 1043 2630 sacerdotum
1110 2565 1281 2628 libris
1352 2565 1534 2628 sacris
1609 2565 1896 2628 Politiam
1965 2586 2136 2628 suam
2206 2565 2428 2649 compi-

417 2683 599 2760 lasse,
658 2683 749 2746 vel
796 2705 935 2746 eum
980 2684 1421 2768 Aegyptiorum
1468 2684 1752 2746 instituta
1796 2682 2094 2747 imitando
2141 2683 2202 2746 in
2251 2705 2424 2746 suam

416 2803 722 2865 civitatem
777 2802 1175 2866 transtulisse.
1268 2802 1585 2865 Posterius
1635 2802 1960 2886 significari
2005 2824 2132 2866 non
2162 2801 2422 2865 dubium

352 2917 359 2924 ’
418 2920 667 3004 opinor,
729 2921 849 2984 nisi
906 2921 1063 2984 forte
1124 2920 1382 2984 Crantor
1436 2921 1741 3004 putaverit
1807 2918 2125 2984 Platonem
2188 2921 2426 3005 Aegyp·

414 3039 641 3104 tiorum
696 3039 969 3122 linguam
1028 3038 1311 3102 calluisse
1371 3045 1432 3102 et
1478 3038 1816 3102 sacerdotes
1862 3038 2048 3102 libros
2095 3060 2238 3102 suos
2287 3061 2419 3124 per-

419 3157 628 3240 egrino
688 3156 921 3221 homini
980 3156 1403 3222 describendos
1472 3157 1728 3221 dedisse.
1815 3157 1978 3241 Ergo
2038 3156 2189 3220 haec
2245 3157 2427 3240 verba

418 3297 544 3338 non
602 3275 898 3355 indicant,
964 3274 1282 3338 Platonem
1328 3276 1529 3361 ipsum
1578 3275 1644 3339 in
1689 3275 1979 3359 Aegypto·
2015 3275 2233 3338 fuisse:
2281 3297 2424 3339 nam

418 3393 703 3456 instituta
729 3393 838 3456 illa
868 3393 1305 3478 Aegyptiorum
1336 3394 1542 3458 omnib
1551 3417 1620 3456 us
1651 3401 1800 3458 nota
1831 3403 2000 3458 erant
2033 3401 2092 3457 et
2122 3416 2229 3478 pro
2256 3400 2425 3477 parte

419 3517 553 3573 tum
614 3509 813 3574 adhuc
874 3511 961 3575 ibi
1018 3512 1338 3595 vige-bant,
1402 3522 1475 3577 ut
1538 3513 1719 3576 etiam
1780 3535 1890 3575 suo
1936 3520 2204 3596 tempore
2248 3511 2427 3575 Plato

422 3627 618 3692 dicere
663 3636 896 3713 posset,
947 3629 1113 3712 quod
1158 3628 1528 3693 sacerdotem
1562 3629 1738 3693 illum
1785 3629 1932 3693 facit
1977 3629 2280 3693 dicentem
2297 3678 2316 3705 ,
2363 3652 2423 3713 p.

423 3749 507 3809 24
569 3749 658 3810 A:
724 3747 923 3812 πολλὰ,
981 3748 1099 3827 γὰρ
1157 3721 1620 3828 παρωδείγμξκτα
1665 3753 1805 3813 τῶν
1849 3747 1983 3812 τότε
2044 3751 2202 3828 παρ’
2265 3744 2427 3824 ὑμῖν

420 3866 503 3949 (h.
568 3889 619 3929 e.
683 3865 1183 3951 Atheniensibus)
1242 3865 1408 3931 ὄντων
1469 3864 1712 3932 ἐνθάδε
1775 3867 1858 3950 (h.
1909 3890 1959 3930 e.
2012 3866 2077 3930 in
2124 3868 2426 3950 Aegypto)

420 3989 531 4047 νῦν
573 3984 893 4063 ἀνευρήσεις
919 4003 933 4018 ·
982 3989 1195 4064 πρῶτον
1226 3985 1333 4062 μὲν
1361 3961 1427 4049 τὲ
1462 3990 1573 4048 τῶν
1615 3987 1766 4065 ἱερῶν
1813 3985 1973 4061 γένος
1994 4033 2009 4047 .
2034 4033 2049 4050 .
2071 4035 2085 4049 .
2103 4034 2121 4065 ,
2168 3985 2328 4060 μετὰ
2369 3985 2426 4048 δὲ

419 4106 588 4166 τοῦτο
654 4101 721 4166 τὸ
779 4107 889 4165 τῶν
947 4101 1293 4182 δημιουργῶν
1321 4153 1335 4168 .
1364 4150 1379 4166 .
1407 4152 1423 4168 .
1444 4155 1461 4178 ,
1524 4103 1594 4168 τό
1655 4128 1722 4167 τε
1767 4108 1877 4194 (τῶν
1926 4101 2133 4180 νομέων
2173 4103 2268 4165 καὶ
2317 4110 2426 4167 τῶν

421 4219 689 4300 θηρευτῶν
732 4218 801 4284 τό
840 4244 908 4283 τε
952 4226 1060 4283 τῶν
1104 4227 1373 4300 γεωργῶν
1396 4271 1414 4294 ,
1460 4222 1559 4286 καὶ
1606 4223 1671 4297 δὴ
1706 4221 1802 4286 καὶ
1834 4221 1900 4285 τὸ
1931 4221 2204 4300 μάχιμον
2234 4219 2423 4296 γένος.
