3092 5084
1607 541 1732 602 214

654 761 711 814 et
745 749 1077 833 indagandi
1111 749 1386 812 libertate
1422 771 1627 832 parem
1661 749 2070 833 conjungebat
2095 752 2156 813 in
2181 752 2670 836 philosophando

654 868 1013 932 modestiam
1063 874 1121 931 et
1166 867 1557 950 religionem,
1608 868 1853 950 agnovit
1891 867 2107 930 ultima
2137 891 2340 932 rerum
2371 870 2670 955 principia

656 985 894 1049 occulta
961 1007 1091 1048 esse
1134 984 1495 1048 mortalibus
1542 1006 1732 1067 eaque
1778 986 1997 1048 mentis
2045 987 2232 1050 aciem
2281 987 2489 1070 fugere
2559 1010 2669 1050 nec

655 1105 771 1168 nisi
819 1103 1148 1167 divinando
1196 1103 1270 1167 de
1316 1103 1411 1165 his
1459 1103 1746 1186 augurari
1785 1125 2140 1167 concessum
2175 1128 2335 1182 esse,
2369 1127 2493 1168 non
2525 1128 2664 1168 vero

655 1248 725 1288 ea
764 1246 920 1307 quae
966 1224 1202 1287 ratione
1248 1224 1602 1306 investigari
1651 1246 1718 1286 ac
1768 1231 1968 1286 mente
2017 1225 2444 1309 comprehendi
2494 1249 2669 1311 posse

654 1350 927 1426 putaret,
977 1341 1307 1406 occultavit
1354 1349 1414 1405 et
1459 1343 1632 1425 quasi
1679 1343 1743 1406 in
1777 1343 2109 1426 penetralia
2140 1343 2374 1408 abdidit
2407 1346 2482 1409 ad
2517 1369 2671 1429 quae

653 1461 910 1524 initiatis
986 1469 1227 1523 tantum
1302 1460 1505 1524 aditus
1573 1468 1822 1544 pateret.
1919 1461 2306 1526 Contrarium
2369 1472 2676 1528 testantur

656 1581 784 1644 eius
834 1580 1077 1664 scripta.
1144 1583 1166 1606 ⁰

745 1697 914 1777 Quid
972 1699 1215 1782 gravius
1279 1707 1337 1761 et
1398 1698 1618 1761 celsius
1678 1699 1946 1782 magisve
1992 1700 2370 1763 reconditum
2421 1702 2674 1784 cogitari

660 1825 857 1904 potest
916 1841 1101 1903 quam
1147 1840 1215 1881 ea
1263 1840 1417 1900 quae
1465 1819 1528 1880 in
1575 1816 1887 1894 PhaedrO,
1938 1817 2002 1881 in
2050 1818 2411 1896 Phaedone,
2461 1822 2523 1883 in
2579 1819 2676 1884 Ti-

654 1959 862 2014 mae0,
904 1936 1082 2014 alibi,
1125 1936 1199 1999 de
1231 1937 1464 2014 anima,
1516 1935 1591 1999 de
1640 1936 1790 2013 de0,
1842 1936 1917 2000 de
1967 1937 2233 2000 universi
2281 1938 2548 2022 origine,
2600 1938 2674 2002 de

656 2055 1111 2120 immortalitate
1173 2055 1485 2140 disputata
1545 2055 1882 2139 leguntur?
1974 2055 2142 2136 Quid
2206 2065 2406 2121 autem
2462 2057 2673 2133 Plato,

658 2176 709 2238 si
755 2175 903 2238 talia
949 2174 1305 2259 divulgavit,
1341 2173 1566 2236 scholis
1593 2197 1926 2237 reservasse
1951 2174 2262 2259 putandus
2295 2175 2430 2238 est?
2452 2177 2498 2258 l)
2547 2177 2677 2239 Aut

661 2295 796 2377 quis
837 2293 1043 2356 credat
1071 2293 1191 2357 ista
1220 2292 1473 2377 profano
1521 2300 1583 2356 et
1629 2291 1878 2355 indocto
1927 2293 2142 2377 vulg0,
2175 2315 2288 2357 nec
2313 2294 2519 2378 potius
2545 2317 2677 2358 eru-

660 2411 957 2474 ditissimo
1006 2419 1066 2474 et
1113 2411 1566 2494 sapientissimo.
1604 2411 1825 2492 cuique
1871 2410 2172 2474 destinata
2201 2411 2432 2475 fuisse?
2497 2410 2674 2496 Opus

660 2538 865 2594 autem
899 2528 973 2592 de
1004 2529 1366 2613 Republica,
1400 2536 1868 2593 monumentum
1900 2529 2240 2592 immortale
2263 2579 2280 2606 ,
2323 2552 2444 2614 quo
2478 2531 2674 2594 omnis

661 2670 804 2711 suae
853 2647 1276 2732 philosophiae
1324 2646 1500 2730 quasi
1544 2669 1845 2711 summam
1895 2647 2245 2732 complexus
2294 2659 2414 2725 est,
2465 2648 2528 2712 id
2561 2648 2677 2711 clae

663 2775 787 2831 mat
832 2773 1025 2844 certe,
1076 2789 1213 2830 eum
1259 2789 1383 2830 non
1438 2789 1662 2851 paucos
1711 2774 1949 2830 tantum
1995 2768 2267 2832 initiatos
2315 2767 2422 2831 sed
2469 2791 2676 2831 omnes

661 2886 1049 2971 philosophia
1088 2909 1195 2949 sua
1228 2886 1531 2964 imbuere,
1583 2885 1899 2950 emendare
1948 2893 2008 2949 et
2055 2886 2130 2949 ad
2177 2909 2351 2950 verae
2385 2887 2674 2951 scientiae

662 3015 722 3069 et
770 3005 1065 3090 perfectae
1112 3007 1355 3069 virtutis
1393 3005 1860 3090 intelligentiam
1907 3005 2156 3070 evehere
2196 3005 2525 3070 studuisse.
2596 3005 2675 3069 In

664 3124 779 3188 hoc
827 3125 1112 3189 nimirum
1160 3148 1516 3208 germanum
1548 3148 1610 3188 se
1642 3125 1943 3210 praestitit
1975 3124 2236 3188 Socratis
2269 3124 2675 3209 discipulum,

665 3243 772 3326 qui
830 3243 1185 3328 sapientiam
1250 3265 1284 3305 a
1330 3242 1497 3306 coelo
1543 3244 1609 3307 in
1655 3251 1875 3307 terram
1923 3264 2202 3328 avocasse
2249 3251 2310 3307 et
2354 3244 2420 3306 in
2467 3244 2678 3308 domos

662 3361 1108 3438 introduxisse,
1155 3362 1217 3425 h.
1252 3386 1301 3425 e.
1336 3362 1401 3425 in
1433 3363 1592 3426 vitae
1633 3384 1814 3425 usum
1847 3361 2212 3425 convertisse
2260 3361 2675 3445 praedicatur,

668 3489 736 3544 ut
791 3501 998 3544 omnes
1048 3481 1272 3565 pariter
1319 3504 1389 3545 ex
1437 3481 1553 3544 hoc
1603 3481 1776 3564 quasi
1822 3481 1990 3544 fonte
2037 3480 2279 3544 haurire
2328 3489 2387 3544 et
2436 3481 2680 3546 alimen-

665 3609 797 3662 tum
860 3622 1071 3683 capere
1130 3607 1396 3684 possent.
1490 3598 1661 3679 Quid
1724 3599 1886 3684 quod
1943 3601 2074 3684 ipse
2119 3604 2244 3663 non
2291 3600 2475 3664 semel
2521 3600 2678 3664 ridet

666 3857 825 3906 Ueber
874 3856 1085 3906 Platon's
1131 3857 1265 3905 Schr.
1312 3873 1357 3921 p.
1405 3857 1527 3916 323,
1575 3873 1642 3920 sq.
1695 3857 1968 3916 Hermann,
2021 3857 2190 3906 Gesch.
2239 3858 2283 3906 d.
2331 3857 2518 3906 Platon.
2553 3857 2678 3907 Phil.

669 3969 715 4017 p.
752 3954 875 4010 554;
910 3951 972 4000 cf.
1008 3969 1054 4015 p.
1091 3951 1183 4004 711
1222 3956 1321 4001 not.
1358 3951 1470 4004 750.

740 4049 787 4108 1)
824 4046 1053 4096 Similiter
1080 4047 1267 4110 judicat
1301 4048 1563 4106 Soeherus,
1598 4047 1720 4097 libro
1755 4047 1881 4096 laud.
1918 4063 1964 4111 p.
2003 4047 2126 4095 395:
2185 4047 2407 4106 „Wueste
2442 4047 2680 4096 veilleicht

670 4142 745 4191 die
779 4141 992 4206 gebeime
1026 4143 1225 4202 Schule,
1261 4159 1319 4191 zu
1353 4144 1437 4192 der
1458 4142 1535 4191 die
1562 4143 1805 4192 Verfasser
1831 4143 1913 4191 der
1937 4142 2205 4206 platonisch
2228 4145 2498 4206 genannten
2522 4142 2678 4192 Briefe

670 4255 724 4286 zu
772 4239 978 4301 gehoren
1022 4239 1123 4287 sich
1167 4255 1438 4296 anmassen,
1485 4239 1694 4287 hoheren
1744 4238 2013 4302 Prinzipien
2063 4238 2178 4287 fiber
2221 4238 2369 4296 Gott,
2413 4237 2539 4286 Welt
2579 4238 2678 4286 und

671 4331 929 4382 Mensch'en
962 4335 1031 4383 als
1066 4335 1141 4383 die
1174 4335 1261 4382 wir
1293 4334 1682 4398 Uneiugeweihte
1717 4334 2020 4397 geschrieben
2055 4335 2105 4383 in
2140 4335 2354 4382 Timaeos
2390 4335 2518 4382 lesen
2531 4333 2590 4381 ?”
