3092 5084
1579 498 1738 557 102·

626 678 943 769 commune
974 705 1157 768 fuisse
1191 676 1403 766 salutis
1429 702 1826 786 principium,
1863 725 2079 787 nempe
2105 701 2270 786 quod
2295 703 2360 766 in
2383 703 2644 766 maximo

622 822 891 906 periculo
952 822 1285 905 Dionysius
1334 827 1393 883 et
1440 819 1818 904 Hipparinus
1867 822 2146 903 (uterque
2192 820 2407 903 maior)
2454 820 2641 883 creati

620 947 822 1003 essent
864 940 1119 1019 τύροοννοι
1165 937 1602 1018 αὐτοκράτορες,
1653 960 1912 1022 quorum
1958 961 2072 1023 ope
2119 938 2406 1003 Hellenes
2449 962 2484 1001 a
2513 938 2646 1002 bar-

622 1060 905 1123 barorum
953 1059 1244 1122 servitute
1290 1057 1578 1121 liberatos
1627 1080 1781 1135 esse3
1830 1058 1908 1121 ob
1957 1080 2113 1142 quae
2143 1058 2356 1121 merita
2388 1058 2644 1141 gratiam

624 1178 828 1242 deberi
874 1178 1281 1241 servatoribus
1328 1178 1409 1261 (p.
1446 1178 1574 1241 353
1609 1176 1704 1261 B).
1754 1176 1991 1241 Deinde
2023 1183 2398 1262 praesentem
2441 1200 2645 1241 rerum

623 1304 847 1362 statum
909 1295 1093 1360 talem
1156 1319 1283 1360 esse
1339 1295 1524 1374 dicit,
1575 1303 1644 1359 ut
1694 1296 1924 1360 neutris
1971 1296 2244 1380 partibus
2290 1296 2464 1359 facile
2511 1318 2646 1379 spes

625 1418 705 1480 sit
764 1416 1048 1480 vincendi
1108 1416 1513 1493 adversarios,
1570 1416 1758 1479 immo
1818 1414 2212 1479 metuendum
2259 1416 2338 1477 sit
2384 1438 2460 1477 ne
2507 1413 2650 1477 Sici-

524 1526 531 1537 ’
624 1537 703 1599 lia
749 1536 873 1599 fiat
901 1534 1124 1619 praeda
1168 1533 1503 1619 Opicorum
1551 1542 1612 1597 et
1655 1534 2033 1598 Poenorum:
2085 1556 2270 1618 quare
2317 1556 2470 1617 opus
2513 1555 2641 1597 esse

622 1654 741 1717 talc
788 1654 1047 1717 inveniri
1091 1651 1461 1729 remedium,
1510 1652 1676 1735 quod
1723 1651 1998 1735 utrisque
2045 1658 2360 1735 acceptum
2405 1658 2464 1714 et
2493 1626 2645 1714 utile

624 1771 703 1833 sit
764 1771 1060 1834 futurum.
1153 1756 1455 1854 Deinceps
1518 1777 1808 1855 tanquam
1873 1770 2126 1847 arbiter,
2187 1770 2476 1844 διαιτητοῦ
2522 1768 2645 1849 τρό-

626 1913 729 1953 πον
749 1939 765 1961 ,
816 1889 1179 1952 sententiam
1228 1911 1397 1951 suam
1447 1889 1727 1952 enuntiat
1771 1890 1852 1973 (p.
1905 1890 2033 1951 354
2083 1890 2182 1971 A).

711 2006 1099 2091 Principibus
1146 2007 1363 2071 suadet
1407 2014 1478 2070 ut
1521 2028 1746 2071 nomen
1793 2015 1853 2071 et
1889 2008 2212 2093 imper-ium
2244 2008 2486 2091 tyranni
2514 2030 2647 2071 mu-

622 2134 757 2189 tent
815 2126 879 2190 in
939 2125 1254 2202 βασιλείαν
1317 2133 1377 2190 et
1438 2124 1754 2190 dominum
1810 2126 2191 2190 constituant
2251 2126 2447 2209 legem
2463 2174 2482 2203 ,
2547 2148 2644 2189 ex-

626 2244 897 2331 emplum
965 2253 1285 2331 sequentes
1354 2244 1655 2330 Lycurgi,
1727 2246 1834 2329 qui
1901 2245 2014 2308 hac
2069 2246 2303 2310 ratione
2357 2243 2662 2329 Spartam·

626 2371 921 2428 servasset
981 2364 1349 2432 incolumem
1365 2390 1383 2441 ς
1443 2363 1768 2447 populares
1816 2370 2018 2428 autem
2063 2372 2270 2429 monet
2317 2386 2526 2432 cavere
2570 2384 2675 2427 ne·

625 2482 941 2563 ἐλευθερίοις
985 2482 1293 2563 ἀπληστίᾳ
1335 2482 1612 2549 incidant
1656 2483 1718 2545 in
1764 2484 2058 2563 οξνοορχίοον
2073 2534 2092 2557 ,
2141 2482 2342 2548 edocti
2371 2483 2648 2568 exemplo

628 2600 845 2685 prioris
906 2600 1195 2684 temporis
1212 2650 1230 2677 ‚
1301 2620 1491 2683 quum
1538 2601 1728 2665 nimia
1772 2600 2020 2665 libertas
2068 2602 2423 2665 servitutem
2469 2624 2645 2685 pepe-

626 2718 736 2781 rit:
808 2716 1035 2782 δουλείοο
1100 2718 1217 2798 γὰρ
1261 2717 1361 2781 κοοὶ
1390 2718 1696 2797 ’ἐλευθερία
1741 2719 2199 2797 ὑπερβάλλουσα
2243 2720 2350 2797 μὲν
2397 2701 2646 2799 ἕκοὶτεροο

626 2837 939 2914 πάγκακον
956 2887 972 2909 ,
1039 2838 1321 2917 ἔμμετρος
1382 2838 1429 2901 δ’
1466 2832 1611 2905 οὖσα
1671 2838 2012 2915 ποονοέγοιθον
2038 2860 2052 2874 ·
2103 2840 2314 2919 μετρία
2359 2840 2418 2904 δὲ
2463 2842 2496 2915 ἡ
2543 2842 2646 2921 θεῷ

626 2954 882 3038 δουλείᾳ,
954 2954 1201 3037 ἄμετρος
1269 2955 1327 3019 δὲ
1395 2960 1428 3031 ἡ
1468 2964 1612 3037 ,τοῖς
1679 2956 1980 3036 ἀνθρώποις
2008 2979 2021 2993 ·
2085 2956 2204 3030 θεὸς
2251 2957 2299 3021 δ’
2343 2958 2645 3039 ἀνθρώποις

626 3076 875 3153 σώφροσι
943 3070 1141 3151 νόμος,
1198 3071 1409 3155 ἄφροσι
1455 3074 1513 3138 δὲ
1559 3074 1753 3150 ἡδονή.
1805 3076 1885 3160 (p.
1937 3078 2066 3139 354
2113 3075 2208 3159 E).

713 3192 829 3255 His
877 3192 1057 3258 dictis
1104 3192 1365 3263 Dionem
1387 3199 1681 3278 tanquam
1713 3216 1745 3265 e
1775 3194 2032 3257 mortuis
2062 3193 2347 3261 reducem
2372 3193 2449 3259 ad
2472 3193 2644 3278 Syra-

626 3333 883 3375 cusanos
928 3312 1279 3395 loquentem
1315 3312 1479 3377 facit.
1536 3311 1872 3395 Postquam
1912 3312 2126 3376 docuit
2149 3313 2348 3397 legem
2373 3322 2642 3397 spectare

623 3436 901 3513 ,oportere
958 3452 1082 3493 non
1129 3428 1293 3513 quod
1340 3429 1596 3513 volupe,
1645 3429 1750 3498 sed
1796 3430 1962 3514 quod
2007 3437 2242 3503 rectum
2289 3432 2395 3509 sit,
2444 3453 2644 3515 neque

626 3548 703 3611 ad
750 3548 991 3612 divitias
1038 3548 1285 3616 tendere
1302 3598 1321 3626 ‚
1355 3548 1461 3619 sed
1492 3548 1570 3612 ad
1601 3550 1886 3621 virtutem
1902 3598 1920 3627 ,
1951 3549 2101 3619 dicit
2120 3550 2367 3633 utrique
2393 3551 2642 3615 factioni

626 3667 775 3730 utile
808 3674 867 3730 et
902 3689 1165 3750 aequum
1201 3688 1329 3737 esse
1368 3689 1474 3750 per
1506 3668 2002 3751 compositionem
2029 3668 2210 3733 finem
2237 3668 2383 3732 belli
2405 3669 2600 3739 facere
2618 3720 2637 3747 ‚

624 3793 696 3849 ut
762 3784 995 3852 civibus
1064 3785 1146 3850 sit
1212 3786 1499 3865 ἐλευθερία
1567 3808 1708 3851 cum
1775 3792 2074 3871 potestate
2143 3787 2310 3871 regia
2325 3837 2342 3865 ‚
2391 3787 2639 3872 regibus

626 3909 831 3966 autem
878 3903 957 3967 sit
1002 3904 1163 3983 ἀρχὴ
1210 3904 1541 3987 ὑπεύθυνος,
1595 3904 1892 3975 universis
1938 3928 2078 3969 vero
2088 3954 2106 3983 ,
2154 3912 2278 3970 tam
2307 3906 2437 3989 regi
2461 3928 2644 3989 quam

628 4022 894 4099 civibus,
960 4022 1055 4085 lex
1113 4022 1385 4107 imperet.
1477 4022 1636 4086 Tum
1682 4045 1852 4107 reges
1898 4024 1973 4086 iis
2019 4023 2403 4097 commendat
2447 4024 2642 4109 primo

625 4140 758 4204 loco
814 4140 1008 4204 filium
1056 4163 1271 4218 suum,
1329 4141 1596 4212 secundo
1644 4140 2056 4227 Hipparinum
2102 4143 2318 4227 prioris
2363 4143 2644 4227 Dionysii

624 4258 819 4325 filium
838 4308 855 4335 ‚
903 4259 1084 4332 tertio
1129 4259 1493 4345 Dionysium
1538 4260 1867 4338 minorem,
1917 4260 2239 4347 expulsum
2283 4268 2637 4347 tyrannum,
