3092 5084
1645 505 1726 567 90

685 708 775 771 Ut
820 710 1253 787 concedamuS,
1310 710 1410 772 cui
1456 710 1610 773 nihil
1655 711 1890 788 obstat,
1940 710 2272 775 Platonem'
2303 712 2368 774 in
2415 707 2684 795 epistolis

688 828 765 891 ad
810 829 1129 892 familiares
1176 828 1437 893 formula
1479 826 1543 893 εὖ
1587 830 1862 909 πράττειν
1907 851 2086 893 usum
2135 804 2261 894 esse
2277 879 2295 907 ,
2341 830 2442 893 cui
2487 836 2688 894 tamen

687 968 809 1009 non
855 946 1163 1010 inficetum
1210 954 1269 1011 et
1314 947 1600 1031 putidum
1646 948 1941 1025 videatur,
1993 948 2288 1032 principio
2337 948 2624 1032 epistolae
2655 971 2689 1014 6

690 1066 798 1129 tali
864 1066 1173 1131 salutandi
1240 1066 1501 1131 formula
1562 1068 1934 1131 occasionem
1999 1077 2202 1153 petere
2247 1068 2322 1132 (le
2369 1067 2585 1131 decoro
2629 1076 2690 1129 et

685 1185 939 1250 honesto
999 1193 1319 1271 praecepta
1374 1186 1606 1250 dandi?
1697 1186 1881 1266 Quod
1935 1210 2074 1251 vero
2123 1186 2487 1271 Dionysium
2532 1187 2689 1249 vitu-

681 1313 884 1389 perat,
952 1304 1113 1388 quod
1177 1304 1543 1389 Delphicum
1595 1304 1778 1368 deum
1826 1304 2004 1368 verbo
2050 1306 2272 1385 χαίρειν
2319 1304 2681 1403 compellare

685 1446 867 1487 ausus
914 1432 1100 1501 esset,
1150 1424 1287 1508 quis
1334 1423 1527 1487 nescit
1573 1410 1728 1486 illud
1773 1431 1946 1503 χαῖρε
1992 1430 2293 1508 receptam
2339 1423 2525 1486 fuisse
2571 1423 2687 1485 for-

684 1540 942 1619 mulam,
978 1564 1101 1625 qua
1130 1542 1297 1605 soliti
1329 1548 1527 1605 essent
1558 1540 1700 1604 deos
1733 1540 2035 1625 salutare?
2083 1540 2208 1617 Ita,
2243 1547 2314 1604 ut
2345 1539 2685 1624 exemplum

683 1659 958 1738 afferam,
1014 1662 1079 1725 in
1125 1660 1449 1723 Homerico
1496 1659 1742 1744 Hymno
1788 1660 1853 1723 in
1899 1660 2103 1743 Apoll.
2153 1683 2238 1723 vs,
2297 1662 2411 1723 14:
2473 1667 2682 1739 χαῖρε,

680 1780 924 1859 μάκαιρ’
978 1774 1019 1843 ὦ
1080 1786 1279 1853 Λητοῖ.
1373 1779 1657 1844 Cratinus
1717 1780 1778 1843 in
1815 1778 2159 1843 'Meinekii
2193 1780 2406 1863 fragm.
2455 1778 2682 1843 Comic.

683 1920 741 1981 p.
797 1899 948 1959 194:
996 1896 1111 1961 εὔιε
1156 1896 1485 1977 κισσόχαιτ’
1530 1896 1684 1973 ἄναξ
1713 1897 1992 1981 (Διόνυσε)
2021 1904 2218 1977 χαῖρε.
2275 1896 2685 1960 Callimachus
2749 1934 2778 1944 ν

684 2014 907 2099 Hymn.
972 2015 1035 2079 in
1095 2014 1135 2077 J
1138 2038 1232 2078 ov.
1297 2018 1414 2078 91:
1476 2022 1652 2095 χαῖρε
1704 2014 1901 2096 μέγα,
1960 2016 2186 2095 Κρονίδη
2233 2014 2645 2093 πανυπέρτατε
2663 2064 2682 2091 ,

680 2133 845 2212 δῶτορ
906 2131 1067 2198 ε’·οὶων.
1161 2132 1331 2213 Quid
1378 2132 1594 2217 plura?
1675 2132 2061 2196 Prooemium
2105 2132 2256 2210 hoc,
2305 2154 2400 2195 me
2441 2131 2682 2217 judice,

680 2274 804 2316 non
824 2336 827 2339 Δ
850 2252 1187 2337 elegantem
1230 2259 1293 2315 et
1342 2252 1639 2316 urbanum
1671 2252 2052 2336 scriptorem,
2101 2274 2227 2315 non
2258 2252 2682 2317 Ἀττικῶτατον

680 2370 1183 2456 philosophorum
1212 2369 1471 2447 redolet,
1504 2369 1612 2433 sed
1643 2370 1848 2453 potius
1879 2376 2260 2453 arrogantem
2290 2370 2650 2453 magistrum
2661 2403 2692 2445 ,-

677 2488 1033 2569 οὶρεταλόγον
1066 2490 1369 2573 aliquem,
1410 2489 1515 2571 qui
1554 2488 1761 2572 inepto
1798 2487 1933 2551 Ioco
1963 2487 2268 2553 inculcare
2299 2487 2494 2551 voluit
2523 2510 2680 2571 quae

679 2606 901 2671 alicubi
962 2606 1127 2692 apud
1186 2608 1504 2671 Platonem
1551 2606 1817 2691 legisset.
1909 2606 2304 2671 Manifestum
2351 2612 2441 2669 est
2487 2605 2684 2669 efficta

675 2726 822 2789 haec
866 2748 995 2791 esse
1041 2749 1073 2789 e
1120 2725 1479 2803 Charmida,
1528 2749 1586 2809 p.
1640 2728 1764 2788 164
1806 2725 1894 2803 D,
1935 2724 2046 2789 ubi
2089 2724 2266 2787 Plato
2310 2724 2570 2808 loquens
2603 2724 2680 2788 de

676 2850 995 2929 praecepto
1056 2844 1354 2929 Delphico
1412 2845 1580 2921 γνῶθι
1642 2845 1881 2909 σεαυτὸν
1941 2842 2122 2907 dicit:
2183 2844 2336 2909 τοῦθ’
2397 2841 2538 2907 οὕτω
2584 2866 2680 2921 μοι

674 2964 827 3027 δοκεῖ
866 2964 931 3028 τὸ
977 2964 1236 3044 γράμμα
1276 2964 1642 3045 ἀνακεῖσθαι,
1691 2964 1762 3034 ὥς
1809 2963 1875 3036 δὴ
1923 2962 2220 3041 πρόσρησις
2250 2958 2396 3025 οὖσα
2423 2966 2524 3026 τοῦ
2555 2962 2678 3028 θεοῦ

623 3066 630 3073 ’
674 3088 785 3147 τῶν
821 3081 1097 3146 εἰσιόντων
1132 3084 1261 3146 ἀντὶ
1301 3088 1401 3146 τοῦ
1439 3089 1686 3163 χαῖρε,
1727 3084 1800 3152 ὡς
1837 3080 2039 3145 τούτου
2077 3081 2182 3156 μὲν
2213 3083 2314 3144 οὐκ
2342 3081 2492 3160 ὀρθοῦ
2523 3078 2676 3151 ὄντος

674 3206 775 3265 τοῦ
821 3201 1254 3280 προσρήματος,
1300 3206 1401 3264 τοῦ
1444 3200 1757 3281 χαίρειν,
1793 3200 1916 3263 οὐδὲ
1955 3200 2068 3263 δεῖν
2109 3202 2275 3265 τοῦτο
2314 3198 2678 3278 παρακελεύ-

675 3321 834 3384 εσθαι
879 3320 1205 3394 ἀλλήλους,
1245 3320 1411 3384 οὶλλα
1457 3326 1861 3402 σωφρονεῖν.
1933 3318 2130 3411 quue
2160 3325 2462 3399 σωφρονεῖν
2493 3317 2678 3402 paulo

674 3446 815 3522 post
860 3436 1125 3501 ostendit
1170 3436 1331 3501 idem
1376 3460 1505 3501 esse
1553 3447 1734 3521 atque
1775 3434 1838 3501 εὖ
1876 3437 2151 3517 πράττειν
2191 3438 2344 3519 (172
2377 3438 2476 3520 A).
2533 3435 2679 3500 Pro—

674 3556 874 3621 babile
917 3556 1061 3648 hinc
1105 3556 1299 3640 ipsam
1337 3556 1505 3620 illam
1537 3555 1970 3620 salutationem
2000 3556 2247 3619 fluxisse
2279 3566 2339 3618 et
2369 3578 2476 3639 per
2507 3555 2676 3618 fictas

678 3674 962 3759 epistolas
1000 3673 1218 3739 deinde
1257 3696 1365 3759 pro
1404 3674 1720 3739 Platonica
1754 3674 2142 3739 vendidatam
2185 3696 2252 3739 ac
2285 3679 2678 3757 propagatam

677 3816 825 3859 esse.
896 3793 1072 3857 Certe
1116 3793 1381 3858 Luciani
1423 3793 1840 3857 testimonium
1885 3794 2028 3877 (Pro
2073 3794 2252 3877 lapsu
2294 3792 2452 3856 inter
2496 3792 2676 3859 salut.

677 3936 729 3975 c.
792 3913 890 3996 4),
984 3911 1299 3991 Platonem
1360 3912 1690 3987 formulam·
1744 3913 1810 3977 τὸ
1869 3910 2092 3993 χαίρειν
2151 3910 2535 3998 reprobasse,
2605 3912 2678 3982 ὡς

674 4030 957 4111 μοχθηρὸν
1016 4029 1071 4095 ὃν
1131 4030 1255 4104 καὶ,
1288 4031 1441 4096 οὐδὲν
1501 4032 1803 4095 σπουδαῖον
1863 4032 2146 4113 ἐμφαῖνον
2163 4080 2180 4103 ,
2252 4052 2325 4093 ex
2384 4029 2678 4114 Epistolis

673 4149 951 4226 fluxisse,
1000 4157 1247 4233 apparet
1292 4172 1364 4213 ex
1407 4150 1602 4235 ipsius
1647 4149 1878 4213 verbis:
1927 4148 2024 4213 καὶ
2073 4147 2425 4212 ἐπιστέλλων
2471 4172 2547 4225 γε
2591 4150 2672 4227 τῷ

676 4268 943 4349 Διονυσίῳ
974 4269 1234 4333 αἰτιᾶται
1266 4268 1466 4351 αὐτὸν,
1498 4265 1585 4333 ὅτι
1615 4318 1628 4331 .
1650 4320 1666 4333 .
1687 4316 1700 4329 .
1743 4268 2030 4349 χαίρειν
2060 4266 2154 4331 τὸν
2185 4266 2302 4332 θεὸν
2334 4273 2634 4347 προσεῖπεν
2651 4316 2670 4343 ,
