3092 5084
1600 457 1679 516 60

629 663 990 728 ostent-andi.
1093 663 1340 726 Praeter
1407 662 1575 725 hunc
1636 662 1840 726 locum
1901 661 2293 746 splendidum
2355 663 2643 727 orationis

628 782 975 867 exemplum
1021 788 1114 846 est
1157 781 1353 866 Epist.
1403 779 1605 858 VIII,
1656 805 1715 866 p.
1766 784 1913 844 355.
2010 781 2331 864 Colloquia
2374 782 2647 846 inserun-

629 909 731 964 tur
777 925 835 986 p.
886 903 1013 964 346
1057 901 1146 964 A:
1210 899 1373 972 Ἐμοὶ
1421 899 1523 964 καί
1567 925 1683 981 σοι,
1735 900 1916 982 Δίων,
1968 900 2119 981 ἔφη,
2168 900 2306 964 κτέ.
2355 899 2501 964 ibid.
2551 900 2643 962 D:

626 1020 796 1101 Φέρε,
868 1021 916 1084 εἰ
983 1021 1287 1084 διωνοεῖτοοι
1357 1020 1457 1084 κτὲ
1477 1068 1491 1082 .
1548 1008 1885 1114 ‘praecipue
1954 1043 2012 1104 p.
2078 1021 2205 1082 348
2256 1019 2338 1082 G:
2395 1021 2646 1085 Πλάτων

627 1140 779 1222 γὰρ,
827 1138 979 1221 ἔφη,
1029 1145 1090 1202 et
1137 1159 1290 1222 quae
1337 1146 1699 1221 sequuntur.
1772 1138 1865 1202 Gf.
1915 1138 2113 1223 Epist.
2148 1137 2287 1216 III,
2323 1161 2382 1223 p.
2418 1141 2567 1202 319.
2602 1139 2645 1222 ¹)

627 1256 774 1320 Non
835 1279 984 1342 opus
1046 1279 1174 1320 ess-e
1234 1256 1443 1342 putavi
1505 1263 1703 1320 totum
1764 1257 1966 1321 locum
2023 1255 2357 1321 describere
2374 1306 2391 1333 ,
2447 1257 2647 1341 ipsum

627 1375 868 1440 initium
934 1375 1061 1460 jam
1129 1375 1272 1437 satis
1341 1373 1805 1439 declamatorem
1875 1375 2015 1438 olet.
2108 1374 2350 1452 „Venio
2420 1375 2497 1438 ad
2550 1381 2609 1438 te
2626 1423 2645 1452 ‚

627 1492 860 1575 inquit,
904 1513 940 1554 o
979 1491 1153 1555 Plato
1170 1542 1188 1570 ,
1229 1514 1353 1556 non
1397 1491 1701 1576 peditibus
1750 1492 1994 1555 armatis
2027 1515 2208 1576 egens
2238 1514 2349 1556 nec
2374 1492 2646 1576 equitum

627 1611 872 1694 indigus
934 1610 1009 1674 ad
1072 1609 1482 1674 defendendos
1537 1610 1844 1688 inimicOS,
1893 1611 1997 1675 sed
2045 1610 2370 1676 verborum
2416 1618 2475 1675 et
2517 1633 2649 1696 per-

627 1728 992 1793 suasioniS.”
1061 1729 1246 1794 Putes
1294 1752 1431 1792 eum
1483 1728 1714 1812 alloqui
1761 1725 1885 1792 non
1932 1730 2361 1815 philosophum
2390 1730 2455 1794 in
2488 1729 2649 1793 horti

628 1847 844 1912 umbra
916 1846 1265 1931 degentem,
1335 1847 1440 1911 sed
1501 1846 1839 1933 principem
1902 1847 2165 1931 aliquem
2224 1834 2481 1912 civitatis
2542 1855 2651 1911 aut

627 1988 832 2050 regem
845 2015 864 2044 ‚
916 1966 1022 2049 qui
1064 1965 1298 2050 magnis
1345 1965 1707 2030 exercitibus
1752 1967 2089 2052 imperaret.
2159 1965 2393 2030 Omitto
2438 1967 2648 2030 inanes

630 2092 691 2150 et
751 2084 1000 2169 frigidas
1051 2085 1371 2149 verborum
1416 2086 1801 2171 repetitiones
1848 2093 1909 2150 et
1954 2087 2304 2150 antitheses:
2354 2086 2645 2170 δεόμενος,

630 2203 813 2277 ἐνδεὴς
880 2202 1206 2280 γενόμενος,
1277 2203 1522 2268 ὁπλιτῶν
1581 2205 1693 2268 οὐδ’
1744 2204 1997 2283 ἱππέων,
2037 2205 2227 2283 λόγων
2272 2204 2371 2269 καὶ
2418 2206 2639 2276 πειθοῦς

629 2325 1028 2406 (postremum
1066 2321 1182 2386 hoc
1226 2321 1407 2387 modo
1455 2322 1686 2407 attigi);
1736 2323 1917 2407 paulo
1960 2330 2096 2408 post
2140 2324 2441 2388 iterantur
2486 2325 2649 2389 κατὰ

629 2442 697 2505 τὸ
763 2442 860 2506 σὸν
929 2441 1093 2519 μέρος
1156 2447 1216 2504 et
1274 2441 1439 2520 μέρος
1497 2440 1621 2506 ὅσον
1681 2442 1780 2509 ἐπί
1838 2467 1920 2507 σοι
1982 2441 2245 2520 γέγονεν,
2316 2452 2377 2506 et
2422 2442 2648 2527 passim

631 2560 750 2624 alia
763 2610 782 2639 ‚
832 2582 985 2644 quae
1032 2560 1290 2644 quisque
1335 2561 1679 2625 admonitus
1726 2567 1937 2646 sponte
1983 2561 2433 2626 animadvertat.

722 2677 1020 2742 Absoluta
1064 2684 1268 2742 autem
1312 2677 1528 2742 Dionis
1576 2679 1879 2756 oratione,
1930 2679 2015 2742 sic
2046 2679 2271 2764 pergit:
2306 2678 2647 2760 Λεχθέντων

634 2797 692 2860 δὲ
751 2798 963 2862 τούτων
1015 2797 1106 2869 τίς
1151 2795 1221 2860 ἂν
1269 2794 1332 2871 ἦν
1377 2821 1474 2874 μοι
1520 2797 1657 2877 πρὸς
1701 2803 1903 2862 ταῦτα
1948 2798 2265 2878 εὐσχήμων
2316 2796 2646 2878 ἀπόκρισις-3

631 2915 731 2979 οὐκ
790 2915 944 2979 ἔστιν
1001 2910 1142 3000 (ἦν),
1205 2918 1346 2980 ἀλλ’
1393 2910 1555 2988 ἦλθον
1599 2917 1705 2994 μὲν
1750 2915 1942 2981 κατὰ
1994 2916 2207 2994 λόγον
2253 2917 2322 2980 ἐν
2374 2915 2527 2998 δικῇ
2573 2939 2649 2980 τε

631 3034 716 3104 ὥς
775 3027 910 3097 οἷόν
969 3057 1046 3097 τε
1105 3015 1432 3114 ἀνθρώπῳ
1484 3033 1837 3111 μάλιστα.
1941 3031 2115 3114 Quae
2159 3034 2479 3098 verborum
2526 3033 2649 3098 am·

631 3148 868 3236 pullae!
934 3149 1272 3215 Grandiora
1319 3151 1500 3215 etiam
1545 3159 1689 3216 sunt
1733 3174 1886 3236 quae
1934 3157 2312 3235 sequuntur:
2360 3151 2533 3216 ἐλθών
2579 3176 2647 3216 τε

633 3267 884 3346 ἐμαυτὸν
939 3269 1293 3349 ἠλευθέρωσα
1352 3269 1488 3342 Διὸς
1544 3268 1723 3344 ξενίου
1773 3269 1871 3334 καὶ
1918 3271 2247 3354 φιλοσόφου
2290 3269 2645 3348 ἀνέγκλητον

633 3387 832 3466 μοίραις
870 3388 1184 3468 ποορέσχον.
1226 3387 1442 3452 Dicere
1472 3389 1635 3452 vult:
1678 3387 2157 3474 „proficiscendo
2188 3387 2513 3473 Syracusas
2547 3388 2645 3453 de-

637 3505 833 3570 bitum
879 3512 940 3569 et
986 3507 1284 3570 amicitiae
1325 3514 1385 3570 et
1415 3507 1837 3593 philosophiae
1870 3507 2136 3572 officium
2167 3501 2429 3592 persolv‘i
2450 3507 2507 3570 :”
2538 3530 2648 3592 pro

635 3645 758 3706 quo
804 3629 1090 3703 τραγικῶς
1137 3619 1346 3689 dicitz'
1377 3625 1674 3703 „liberavi
1716 3649 1813 3690 me
1858 3626 2149 3710 religione
2198 3633 2257 3690 et
2294 3625 2467 3716 Iovis
2512 3625 2650 3689 hos-

634 3741 839 3827 pitalis
901 3749 960 3806 et
1019 3743 1192 3807 divae
1237 3743 1723 3830 philosophiae.”
1813 3743 1974 3810 Nam
2028 3749 2061 3821 ἧ
2106 3746 2429 3828 φιλόσοφος
2476 3753 2647 3825 μοῖραι

637 3859 836 3944 posita
903 3861 1080 3945 juxta
1140 3862 1262 3926 Δία
1315 3861 1487 3939 ξένιον
1548 3863 1884 3948 significare
1940 3863 2181 3928 videtur
2240 3884 2445 3926 numen
2508 3869 2652 3926 tute-

704 4149 752 4209 1)
797 4147 948 4196 Zeller
963 4186 977 4206 ‚
1029 4147 1220 4197 Platon.
1271 4148 1408 4198 stud.
1455 4163 1502 4212 p.
1555 4147 1643 4207 79,
1692 4148 1903 4198 eiusdem
1948 4147 2136 4198 artificii
2184 4147 2399 4198 studium
2442 4148 2492 4197 in
2542 4148 2649 4198 Pla-

639 4243 765 4291 tonis
797 4241 1002 4306 Legibus
1036 4243 1266 4307 reperisse
1300 4243 1391 4292 sibi
1427 4242 1631 4293 videtur.
