3092 5084
1333 507 1452 569 171

372 723 624 778 „mortuo
671 715 914 778 demum
960 713 1249 797 magistro
1264 762 1282 790 ,
1332 711 1507 776 Plato
1558 711 1866 794 Megaram
1905 710 2296 774 contenderet
2326 716 2398 773 ut

387 832 701 897 dialectica
745 833 819 896 ab
859 831 1115 896 Euclide
1163 831 1438 895 disceret.

474 1070 619 1134 Iter
677 1071 754 1133 in
815 1069 1253 1154 Aegyptum.
1346 1067 1439 1132 De
1486 1068 1603 1131 hoc
1647 1069 1863 1133 itinere
1909 1068 2082 1146 silet,
2130 1074 2202 1132 ut
2247 1065 2398 1130 vidi-

383 1211 519 1252 mus
535 1237 554 1266 ,
602 1187 879 1273 Epistola
893 1212 912 1264 3
945 1193 1283 1250 ceterorum
1324 1194 1526 1250 autem
1569 1188 1819 1251 testium
1847 1188 2039 1250 maior
2069 1192 2160 1250 est
2188 1207 2399 1249 nume-

384 1331 489 1373 rus
547 1328 732 1390 quam
790 1306 1052 1392 pondus·
1144 1305 1384 1370 Horum
1456 1306 1915 1390 antiquissimus
1984 1313 2075 1369 est
2150 1303 2397 1380 Cicero;

386 1427 627 1512 plenius
659 1449 801 1491 vero
849 1427 925 1490 de
970 1425 1085 1490 hoc
1130 1426 1345 1489 itinere
1393 1433 1587 1509 agunt
1632 1426 1932 1511 Apuleius
1979 1432 2040 1489 et
2083 1423 2362 1488 Laertius
2379 1472 2398 1501 ,

385 1567 647 1628 quorum
690 1543 1038 1607 testimonia
1082 1565 1266 1628 supra
1314 1542 1499 1607 allata
1542 1550 1688 1606 sunt
1727 1544 1809 1628 (p.
1855 1545 1979 1606 166
2020 1543 2190 1626 seq.).
2283 1541 2400 1605 His

384 1663 683 1748 primariis
742 1663 1002 1726 testibus
1064 1661 1327 1726 addendi
1380 1661 1633 1740 Strabo,
1681 1661 1906 1740 XVII,
1960 1665 1992 1724 1
2012 1711 2032 1740 ,
2089 1664 2209 1737 293
2259 1660 2402 1724 Plu-

383 1780 632 1845 tarchus
649 1829 668 1857 ‚
732 1779 807 1845 de
868 1780 1065 1844 Genio
1111 1779 1274 1844 Soer.
1324 1804 1384 1866 p.
1450 1783 1575 1847 579
1635 1782 1692 1844 A
1707 1808 1725 1858 3
1774 1779 2185 1844 Philostratus
2201 1830 2220 1859 ,
2269 1779 2398 1844 Vit.

386 1899 674 1986 Apollon.
730 1899 766 1962 I
781 1948 800 1978 ,
854 1902 924 1976 13
972 1898 1171 1984 Epist.
1219 1898 1384 1964 Socr.
1437 1901 1620 1984 28.1)
1698 1900 1977 1981 Quorum
2025 1901 2399 1964 narrationes

384 2017 878 2102 percurrentibus
932 1999 1247 2102 apparebit
1290 2040 1388 2081 eas
1437 2017 1807 2103 pedetentim
1853 2019 2045 2103 magis
2086 2019 2401 2104 magisque

386 2143 593 2200 auctas
640 2158 767 2200 esse
814 2142 1032 2219 atque,
1087 2143 1161 2199 ut
1204 2135 1281 2200 de
1310 2136 1470 2200 fama
1508 2136 1629 2202 dici
1661 2138 1848 2216 solet,
1885 2137 2086 2202 eundo
2122 2137 2397 2202 crevisse.

473 2253 779 2339 Apuleius
825 2261 885 2317 et
929 2252 1213 2318 Laertius
1246 2248 1555 2338 praeterea
1586 2254 1838 2320 tradunt
1854 2306 1874 2333 ,
1913 2255 2157 2321 Platoni
2188 2255 2252 2319 in
2285 2257 2400 2320 Ae·

385 2373 573 2458 g‘ypto
618 2372 865 2458 degenti
894 2373 961 2436 in
994 2373 1194 2436 animo
1223 2373 1411 2436 fuisse
1441 2374 1507 2437 in
1532 2374 1742 2438 Asiam
1773 2397 2018 2459 quoque
2047 2375 2296 2440 tendere
2312 2425 2331 2453 ‚
2365 2397 2400 2439 a

384 2513 507 2576 quo
588 2491 839 2556 consilio
909 2491 1193 2557 Asiaticis
1254 2491 1429 2556 bellis
1490 2493 1706 2556 fuisset
1767 2501 2072 2558 avocatuS.
2167 2493 2400 2578 Reapse

382 2611 499 2675 iter
542 2610 701 2676 illud
746 2611 822 2676 ab
868 2633 940 2675 eo
986 2619 1337 2696 susceptum
1383 2632 1513 2675 esse
1549 2611 1847 2676 affirmant
1878 2612 2236 2677 Lactantius
2248 2662 2267 2691 ,
2301 2611 2402 2676 In-

385 2731 512 2794 stit.
560 2729 687 2808 IV,
736 2733 807 2808 2,
856 2736 918 2794 et
963 2729 1276 2808 ClemenS‚
1325 2731 1628 2816 Protrept.
1677 2755 1736 2816 p.
1771 2734 1856 2794 46
1890 2733 1980 2810 A,
2016 2732 2123 2816 qui
2155 2738 2400 2796 conten·

384 2849 478 2913 dit
525 2871 665 2913 eum
692 2851 1070 2930 ἀστρονομίαν
1131 2850 1294 2930 παρὰ
1341 2850 1721 2928 Βαβυλωνίων
1761 2859 1822 2914 et
1867 2851 2068 2924 νόμους
2113 2824 2245 2922 ’ἰοὺς
2285 2847 2398 2915 ὅσοι

383 2969 613 3041 ἀληθεῖς
672 2969 771 3033 καὶ
828 2966 995 3040 δόξαν
1050 2967 1173 3048 περὶ
1225 2971 1345 3032 θεοῦ
1392 2971 1529 3047 παρ’
1568 2971 1756 3033 αὐτῶν
1791 2975 1899 3034 τῶν
1938 2969 2220 3049 Ἑβραίων
2256 2972 2404 3046 ὠφε-

384 3095 580 3160 λῆσαι.
672 3084 799 3149 Alii
867 3086 1040 3170 quasi
1114 3087 1181 3150 in
1252 3086 1452 3150 medio
1510 3087 1726 3151 itinere
1789 3087 2166 3164 subsistunt,
2231 3094 2293 3150 et
2339 3087 2403 3152 in

391 3205 694 3269 Phoenice
734 3227 874 3270 eum
920 3205 1119 3290 Magis
1168 3205 1497 3270 occurrisse
1543 3205 1794 3283 volunt,
1835 3213 1907 3270 ut
1931 3204 2402 3291 Olympiodorus

385 3324 451 3388 in
505 3322 631 3387 Vit.
663 3322 903 3387 Platon.
944 3323 1059 3408 (Of.
1110 3321 1422 3388 Hermann
1474 3323 1540 3387 ll.
1584 3347 1644 3408 p.
1687 3327 1843 3402 114,
1876 3331 2003 3388 not.
2045 3327 2227 3409 124„
2262 3346 2401 3388 ano-

384 3465 605 3527 nymus
688 3465 833 3508 vero
916 3443 1077 3507 vitae
1151 3443 1427 3508 Platonis
1496 3451 1804 3508 enarrator
1870 3467 1991 3508 non
2055 3445 2258 3530 ipsum
2335 3445 2402 3508 in

387 3559 699 3625 Orientem
754 3562 1018 3640 venisse,
1082 3561 1189 3626 sed
1250 3562 1465 3646 Magos
1527 3561 1801 3626 Platonis
1861 3564 2022 3627 fama
2069 3570 2402 3628 commotos

386 3680 661 3744 Athenas
707 3680 943 3745 venisse
988 3688 1441 3745 commemorat:
1475 3688 1546 3745 ut
1579 3683 1753 3765 quasi
1785 3683 2150 3746 concertatio
2181 3683 2398 3759 fuerit,

450 4015 498 4074 1)
531 4013 748 4078 Epistola
782 4013 898 4061 haec
930 4013 1121 4062 Platoni
1156 4012 1338 4076 scripta
1370 4012 1569 4075 fingitur
1601 4011 1652 4061 in
1686 4013 1906 4075 Aegypto
1943 4008 2401 4072 commoranti3jam

383 4126 495 4159 vero
540 4113 831 4158 memoratur
876 4109 924 4156 in
973 4125 1026 4158 ea
1070 4109 1289 4158 'Pimaeus
1337 4108 1704 4167 Tauromenita,
1740 4109 1822 4171 qui
1858 4107 2018 4156 floruit
2063 4106 2160 4154 fere
2192 4105 2232 4154 1.
2265 4106 2404 4153 annis

385 4212 493 4271 post
528 4205 739 4255 Platonis
774 4211 995 4254 mortem.
1064 4205 1191 4270 Quid
1225 4204 1493 4254 istiusmodi
1528 4204 1806 4253 testimonio
1832 4205 2070 4253 lucremur
2100 4201 2226 4250 ultro
2247 4205 2396 4264 patet.

388 4303 576 4352 Omitto
612 4301 991 4368 quinctilianum
1025 4306 1073 4350 et
1112 4301 1381 4359 Valerium,
1419 4315 1538 4365 quos
1570 4315 1712 4364 snpra
1745 4315 1792 4364 p.
1830 4297 1922 4353 167
1959 4302 2058 4350 not.
2091 4297 2251 4348 attuli.
