3092 5084
1581 491 1706 552 202

638 695 713 757 A.
764 695 935 760 Idem
968 719 1131 760 nunc
1178 705 1469 780 tanquam
1516 699 1705 762 totius
1737 697 2166 784 disputationis
2199 701 2649 766 conclusionem

633 812 857 878 diserte
902 815 1238 898 eloquitur:
1289 814 1756 900 ‚,Quicumque,
1805 816 1983 895 dicit,
2032 819 2392 902 sapientiam
2423 828 2494 883 ut
2523 841 2653 884 rem

634 933 851 996 seriam
920 933 1075 996 serio
1141 942 1361 998 tractet
1384 984 1402 1012 ,
1474 935 1600 998 sive
1668 935 1979 1020 legislator
2047 937 2170 1000 sive
2239 937 2398 1000 alius
2465 936 2604 1021 quis
2627 985 2648 1013 ,

634 1049 899 1115 multum
970 1052 1162 1116 aberit
1221 1061 1292 1117 ut
1345 1054 1612 1139 cogitata
1662 1077 1937 1139 unquam
1991 1056 2215 1140 scripto
2282 1057 2530 1141 evulget
2589 1063 2654 1121 et

634 1168 1049 1234 multitudinis
1093 1171 1356 1236 invidiae
1402 1178 1463 1236 et
1508 1172 1881 1238 cavillationi
1925 1174 2233 1271 projiciat:
2297 1174 2378 1238 διὸ
2416 1175 2482 1249 δὴ
2523 1177 2647 1245 πᾶς

634 1287 771 1365 ἀνὴρ
831 1288 1133 1360 σπουδαῖος
1194 1297 1305 1355 τῶν
1369 1289 1537 1355 ὄντων
1600 1290 1917 1355 σπουδαίων
1978 1292 2100 1372 πέρι
2151 1297 2367 1357 πολλοῦ
2428 1291 2519 1356 δεῖ
2563 1294 2648 1370 μὴ

635 1405 879 1485 γράψας
933 1410 1063 1470 ποτ’
1108 1409 1165 1472 ἐν
1210 1409 1511 1488 ἀνθρώποις
1557 1411 1637 1481 εἷς
1683 1409 1884 1488 Φθόνον
1929 1409 2028 1473 καὶ
2073 1411 2318 1490 ἀπορίαν
2363 1409 2647 1486 κοιτωβοι-

634 1529 731 1586 λεῑ
742 1549 758 1597 ;
823 1523 884 1586 id
946 1526 1052 1609 qui
1096 1525 1241 1590 facit
1286 1548 1357 1590 eo
1402 1527 1535 1612 ipso
1583 1526 1850 1592 ostendit
1893 1534 2001 1590 aut
2045 1527 2466 1612 philosophiae
2512 1526 2643 1612 dig-

637 1641 889 1705 nitatem
936 1643 1051 1708 sibi
1103 1666 1229 1708 non
1260 1667 1389 1710 esse
1420 1669 1598 1710 curae
1644 1653 1753 1710 aut
1783 1668 2030 1710 caecum
2060 1669 2124 1710 se
2155 1669 2284 1710 esse
2314 1653 2376 1710 et
2405 1645 2648 1710 demen-

634 1761 821 1824 tem.’'
866 1761 1169 1848 Deinceps
1215 1763 1292 1827 ad
1338 1764 1697 1849 Dionysium
1735 1773 2040 1830 revertens
2089 1765 2235 1829 haec
2275 1763 2484 1829 addit:
2533 1764 2646 1842 „Si

637 1887 743 1943 aut
786 1880 917 1964 ipse
962 1889 1069 1944 aut-
1112 1881 1269 1945 alius
1316 1883 1616 1968 quispiam
1642 1882 1722 1947 de
1755 1884 2007 1948 summis
2039 1891 2290 1948 naturae
2321 1883 2640 1968 principiis

638 2000 771 2080 (τῶν
817 2000 943 2078 περὶ
988 2001 1219 2081 φύσεως
1266 2004 1448 2082 ἄκρων
1493 2004 1593 2067 καὶ
1640 2002 1891 2086 πρώτων)
1931 2001 2165 2086 aliquid
2197 2002 2492 2086 seriptum
2523 2001 2647 2065 edi-

640 2117 760 2194 dit,
806 2118 1075 2184 ostendit
1118 2143 1182 2183 se
1212 2121 1363 2185 οὐδὲν
1388 2121 1542 2197 ὑγιὲς
1577 2141 1815 2205 sapere,
1849 2142 2046 2204 neque
2077 2119 2258 2184 aliam
2290 2120 2368 2184 ob
2400 2141 2645 2184 causam

638 2235 704 2300 id
748 2236 961 2300 fecisse
1006 2238 1317 2322 putandus
1349 2247 1441 2304 est
1484 2239 1603 2304 nisi
1641 2239 1719 2303 ob
1752 2239 2178 2304 ambitionem:
2219 2260 2364 2302 nam
2398 2239 2644 2313 ὑπομνη-

639 2355 843 2432 μάτων
886 2359 1064 2436 χάριν
1108 2357 1252 2441 (dici
1297 2358 1570 2443 oportuit
1609 2359 1975 2434 ὑπομνήσεως
2011 2357 2210 2441 χάριν)
2240 2378 2370 2422 non
2407 2379 2650 2421 necesse

638 2483 767 2538 erat
823 2476 1042 2552 facere,
1104 2476 1402 2561 siquidem
1457 2476 1564 2540 illa
1625 2477 1834 2561 paucis
1889 2477 2194 2561 capitibus
2249 2478 2650 2540 continentur

637 2596 715 2678 (ἐν
774 2595 1178 2676 βραχυτάτοις
1236 2599 1449 2679 nefa-xc)
1467 2647 1485 2674 ,
1544 2618 1702 2680 quae
1748 2597 1931 2660 semel
1979 2604 2263 2682 percepta
2307 2616 2644 2680 numquam

640 2735 673 2776 e
718 2714 1007 2778 momoria
1052 2713 1394 2778 excidant.''

724 2832 851 2913 Qui
876 2833 1192 2897 Platonem
1222 2833 1368 2896 talia
1397 2829 1864 2918 praecipientem
1889 2833 2061 2910 facit,
2102 2855 2241 2896 eum
2265 2832 2643 2896 existimasse

637 2958 877 3036 oportet
892 2999 909 3026 ‚
972 2951 1288 3015 Platonem
1348 2951 1550 3036 ipsum
1611 2950 1947 3014 doctrinam
2001 2973 2174 3014 suam
2235 2972 2346 3014 nec
2415 2950 2646 3035 scripto

638 3069 954 3134 mandasse
1000 3092 1197 3153 neque
1242 3069 1558 3154 evulgasse
1573 3096 1590 3146 3
1640 3071 1844 3152 itaque
1887 3069 2163 3154 dialogos·
2193 3069 2323 3133 eius
2357 3090 2485 3132 esse
2515 3075 2650 3132 tan·-

638 3198 770 3253 tum
809 3211 1113 3253 sermones
1145 3211 1177 3252 e
1207 3189 1468 3253 Socratis
1500 3188 1856 3272 disputandi
1901 3211 2068 3252 more
2115 3208 2456 3272 expreSSOS,
2491 3208 2645 3270 opus

638 3306 961 3384 ludicrum,
994 3329 1118 3371 non
1142 3309 1471 3391 σπουδαῖοος,
1523 3307 1715 3392 ipsius
1737 3329 1878 3371 vero
1905 3307 2200 3392 principia
2224 3305 2644 3389 philosophiae

637 3447 749 3489 nec
794 3425 984 3492 literis
1030 3427 1105 3490 ab
1153 3447 1223 3489 eo
1269 3426 1624 3510 consignata
1669 3447 1798 3490 esse
1843 3447 2040 3510 neque
2083 3425 2149 3488 in
2194 3423 2417 3508 vulgus
2450 3422 2610 3487 elata
2627 3472 2644 3501 ,

638 3544 745 3608 sed
804 3544 868 3608 in
929 3544 1291 3608 Academiae
1350 3545 1561 3609 umbra
1601 3567 1742 3608 cum
1787 3544 2104 3629 discipulis
2149 3551 2392 3608 tantum
2450 3552 2512 3606 et
2566 3543 2647 3605 fa-

640 3662 979 3728 miliaribus
1034 3663 1383 3727 disserendo
1429 3663 1730 3749 explicata
1784 3685 1886 3740 ac,
1953 3664 2004 3726 si
2049 3663 2239 3739 forte,
2290 3662 2354 3724 in
2401 3663 2647 3736 ὑπομνή-

641 3807 813 3858 ματα
855 3783 1046 3847 relata
1092 3805 1239 3846 esse.
1304 3785 1509 3865 Atque
1551 3781 1709 3844 hanc
1755 3781 1942 3844 fuisse
1989 3779 2466 3864 epistolographi
2519 3801 2648 3842 sen·

638 3901 893 3966 tentiam
909 3950 928 3978 ,
982 3900 1163 3965 multi
1216 3901 1336 3965 loci
1381 3899 1736 3964 ostendunt.

731 4005 806 4084 In
851 4020 1129 4105 Epistola
1173 4019 1373 4098 XIII,
1422 4042 1481 4104 p.
1530 4022 1658 4082 363
1707 4019 1794 4097 A,
1845 4025 2201 4103 personatus
2248 4015 2425 4078 Plato
2463 4014 2648 4078 dialo-

643 4163 750 4224 gos
790 4162 931 4203 suos
972 4139 1383 4222 (Phaedonem
1422 4139 1788 4222 significans)
1829 4135 2096 4221 appellat
2135 4135 2519 4214 Σωκρατείους
2557 4133 2648 4196 λό-

642 4283 777 4340 γους
798 4313 812 4334 ,
876 4259 937 4321 h.
987 4281 1036 4322 e.
1102 4279 1404 4322 sermones
1466 4258 1531 4321 in
1593 4255 1817 4340 quibus
1877 4254 2141 4319 Socratis
2201 4253 2357 4316 ratio
2405 4261 2464 4316 et
2509 4274 2644 4317 sen-
