3092 5084
1352 481 1475 544 239

404 709 569 773 quae
593 688 1027 775 philosophum
1050 688 1213 754 inter
1234 694 1297 752 et
1318 687 1682 774 magistrum
1702 687 1899 774 ipsius
1921 687 2254 754 Isocratem
2282 687 2422 754 fuit.

406 805 610 888 Quam
670 829 904 892 aequus
962 807 1151 872 fuerit
1216 807 1491 872 Platonis
1536 806 1763 894 judex,
1829 815 2080 893 apparet
2131 830 2164 873 e
2213 806 2424 873 libello

404 947 588 1011 quem
634 925 827 991 edidit
869 925 1033 993 κατὰ
1076 934 1185 1002 τῆς
1223 925 1538 998 Πλάτωνος
1585 925 1915 1006 διατριβῆς,
1961 926 2028 990 in
2075 947 2197 1011 quo
2229 931 2426 991 osten·

405 1043 499 1108 dit
556 1043 835 1110 Platonis
895 1044 1171 1130 dialogos
1230 1065 1365 1110 esse
1422 1045 1696 1124 ἀχρείους
1754 1043 1854 1110 καὶ
1895 1043 2126 1125 ψευδεῖς
2173 1043 2424 1130 (Athen.

407 1161 539 1242 XI,
587 1186 649 1248 p.
700 1165 871 1249 508),
898 1185 1124 1248 eosque
1152 1163 1417 1228 maxima
1444 1184 1557 1249 pro
1587 1169 1759 1249 parte
1787 1185 1864 1229 ex
1892 1163 2229 1249 Aristippi,
2253 1161 2428 1227 Anti·

408 1282 641 1348 sthenis
709 1289 769 1348 et
836 1282 1127 1368 Brysonis
1196 1282 1433 1348 scriniis
1489 1282 1850 1368 compilatos
1909 1305 2061 1348 esse.
2161 1281 2258 1348 Ex
2299 1291 2426 1368 quo

409 1400 694 1488 colligere
738 1401 883 1500 licet
892 1450 912 1481 ‚
960 1423 1147 1486 quam
1192 1423 1457 1486 aequum
1502 1409 1566 1466 et
1605 1402 1916 1487 integrum
1954 1402 2086 1467 eius
2115 1399 2422 1488 judicium

410 1519 595 1585 fuerit
638 1518 716 1585 de
758 1527 1043 1606 tempore*
1061 1542 1098 1584 a
1125 1519 1385 1586 Platone
1415 1520 1483 1585 in
1514 1519 1658 1587 aula
1687 1519 2069 1607 Syracusana
2095 1527 2424 1586 trans-acto.

499 1640 587 1703 At
660 1661 786 1704 non
860 1639 1062 1705 solum
1134 1638 1419 1724 aequales
1434 1689 1455 1718 ‚
1528 1639 1636 1704 sed
1697 1641 1881 1705 etiam
1937 1639 2166 1726 posteri
2224 1637 2429 1705 Plato-

407 1779 548 1824 nem
590 1758 874 1823 insectati
894 1787 899 1792 ·
918 1764 1086 1825 sunt.
1127 1798 1132 1803 ·
1178 1758 1544 1824 Academiae
1589 1758 1909 1824 celebritas
1963 1765 2026 1825 et
2067 1759 2232 1824 fama
2272 1757 2430 1825 mul·

404 1884 611 1942 torum
656 1876 943 1942 excitavit
983 1875 1279 1943 invidiam
1291 1926 1312 1957 ,
1384 1877 1495 1962 qui
1553 1877 1768 1942 odium
1812 1899 1936 1964 quo
1982 1877 2254 1943 scholam
2298 1898 2428 1962 per-

408 1996 823 2082 sequebantur
905 1997 973 2062 in
1039 1996 1261 2064 ducem
1326 2004 1389 2064 et
1456 2004 1770 2064 auctorem
1833 2001 2168 2063 verterunt.
2258 1994 2430 2060 Inter

410 2115 718 2181 auditores
764 2123 827 2182 et
870 2095 1095 2181 amicos
1139 2115 1417 2182 Platonis
1476 2117 1662 2182 multi
1719 2117 1974 2182 fuerunt
2015 2115 2322 2202 principes
2367 2122 2429 2180 et

411 2234 647 2301 nobiles
660 2284 683 2314 ‚
717 2234 1009 2321 'quorum
1069 2236 1329 2324 superbe
1388 2244 1500 2302 aut
1559 2237 1885 2324 imperiose
1931 2237 2092 2301 facta
2135 2236 2426 2322 magistro

410 2353 797 2440 imputarunt
811 2403 832 2434 ,
892 2355 1106 2422 eodem
1164 2357 1457 2422 nimirum
1494 2357 1669 2444 jure,
1717 2376 1842 2441 quo
1889 2355 2114 2420 Critiae
2158 2360 2220 2420 et
2264 2353 2429 2420 Alci·

342 2453 345 2456 ’
412 2472 608 2538 biaffis
668 2473 901 2559 flagitia
957 2473 1191 2540 socrati
1236 2475 1495 2540 crimin?
1521 2473 1666 2540 data
1723 2481 1870 2542 sunt
1924 2474 2000 2540 ab
2047 2473 2424 2538 adversariis.

414 2591 769 2657 Athenaeus
824 2592 1031 2678 plures
1090 2592 1367 2659 Platonis
1414 2593 1724 2658 auditores
1767 2584 2046 2658 nominat
2089 2591 2156 2656 in
2200 2590 2427 2676 quibus

410 2711 687 2795 magistri
732 2710 971 2776 indoles
1016 2714 1320 2793 τυραννικὴ
1359 2712 1459 2779 καὶ
1499 2711 1769 2792 διάβολος
1814 2711 2228 2798 apparuisset3
2263 2709 2427 2776 idem

408 2839 615 2894 narrat
679 2829 999 2896 Platonem
1059 2830 1347 2918 Philippo
1394 2854 1570 2918 opem
1615 2824 1833 2896 tulisse
1876 2832 1944 2896 in
1988 2829 2292 2917 potiundo
2337 2851 2428 2895 re-

410 2971 532 3035 gno
578 2947 1002 3030 Macedoniae,
1049 2948 1341 3016 Perdicca
1382 2950 1599 3017 fraude
1643 2951 2077 3016 circumventa
2107 2951 2156 3036 l)
2208 2949 2426 3014 Eidem

410 3068 795 3154 imputarunt
849 3067 1015 3155 quod
1062 3069 1379 3156 Callippus
1425 3069 1689 3135 Dionem
1705 3119 1724 3148 ‚
1785 3069 2093 3156 hospitem
2137 3092 2321 3134 suum
2369 3075 2430 3132 et

411 3186 680 3252 sodalem
739 3189 805 3252 in
865 3187 1220 3268 Academia,
1280 3189 1686 3254 interemisset
1730 3189 1980 3275 (Athen.
2029 3188 2095 3254 ll.
2142 3211 2203 3275 p.
2255 3189 2426 3274 508).

290 3345 299 3354 ·
412 3305 592 3370 Hanc
637 3306 1115 3372 criminationem
1163 3307 1379 3373 acriter
1420 3308 1650 3372 refutat
1685 3306 1964 3392 Epistola
1995 3305 2153 3387 VII,
2201 3330 2262 3392 p.
2297 3309 2425 3371 333

414 3425 498 3503 E,
560 3447 717 3511 quae
774 3425 1041 3490 declarat
1086 3425 1438 3512 Callippum
1482 3426 1738 3511 eiusque
1781 3406 2028 3490 fratrem
2073 3425 2292 3490 Dionis
2338 3447 2431 3490 so·

410 3543 579 3608 dales
634 3543 821 3610 fuisse
878 3545 980 3610 οὐκ
1038 3546 1103 3609 ἐκ
1158 3545 1518 3628 φιλοσοφίας
1570 3543 1848 3622 γεγονότε
1905 3543 2066 3628 φίλω
2081 3591 2102 3622 ,
2171 3544 2314 3610 ἀλλ’
2363 3545 2427 3608 ἐκ
2515 3571 2522 3582 ·

427 3811 431 3818 '
479 3813 527 3876 1)
564 3812 677 3864 vid.
709 3801 986 3864 Athenaeus
1032 3811 1126 3874 XI,
1174 3827 1224 3878 1).
1268 3813 1366 3864 508
1401 3816 1451 3863 et
1483 3812 1612 3874 5063
1647 3813 1728 3878 qui
1761 3816 1936 3864 testem
1966 3812 2110 3864 huius
2141 3813 2427 3865 narrationis

410 3906 529 3959 citat
578 3897 849 3960 Cariatium'
884 3908 1256 3974 Pergamenum,
1304 3908 1383 3958 cui
1426 3908 1528 3974 ipae
1576 3911 1737 3958 tamen
1769 3924 1964 3974 parvam
1996 3908 2084 3960 hac
2116 3907 2168 3959 in
2200 3923 2254 3960 re
2284 3909 2428 3960 fidem

414 4003 559 4055 habet
574 4042 589 4065 ,
622 4004 821 4056 addens:
857 4011 993 4056 τοῦτο
1025 4001 1067 4056 δ’
1085 4009 1219 4076 εἴπερ
1250 4007 1391 4064 οὕτως
1422 4007 1637 4066 ἀληθείας
1674 4009 1770 4072 ἔχει
1784 4044 1800 4071 ,
1839 4009 1934 4064 θεὸς
1969 4009 2025 4057 ἄν
2054 4006 2207 4066 εἰδείη.
2263 4005 2428 4056 Fuitne
2461 4061 2465 4065 ,

418 4101 577 4149 tamen
610 4099 946 4150 commercium
977 4099 1229 4150 Platonem
1260 4098 1388 4165 inter
1420 4103 1471 4150 et
1502 4099 1806 4161 Perdiccam,
1841 4099 2018 4150 indicio
2051 4106 2124 4152 eat
2145 4099 2362 4168 Epistola
2381 4100 2426 4150 V

419 4194 596 4260 scripta
630 4195 689 4245 ad
722 4195 1019 4256 Perdiccam,
1054 4211 1175 4261 quae
1208 4211 1357 4261 quum
1390 4186 1645 4247 maximam
1677 4193 1893 4247 Platonis
1914 4196 2294 4248 benevolentiam
2317 4213 2426 4263 erga

420 4305 530 4340 eum
562 4291 736 4358 spiret,
768 4290 951 4357 scripta
980 4295 1061 4352 est⁴
1085 4292 1283 4342 fortasse
1314 4291 1375 4344 ad
1407 4289 1695 4343 calumniam
1725 4291 1869 4344 istam
1903 4285 2291 4358 redarguendam.
