3092 5084
1382 459 1509 518 223

428 666 545 730 bus
622 665 854 729 Socrati
932 665 1161 749 primae
1234 663 1501 728 tributae
1563 672 1710 728 sunt
1725 715 1743 741 ,
1809 665 1884 728 ab
1953 640 2446 750 epistolographo

428 783 767 864 Σωκράτεια
837 783 1001 861 λόγοι
1074 790 1369 846 vocantur
1430 785 1513 868 (p.
1563 785 1690 846 363
1734 785 1832 868 A).
1932 783 2008 847 In
2063 783 2272 852 eodem
2327 782 2449 846 dia-

427 904 567 986 logo
634 903 831 966 multa
899 903 1201 986 leguntur·
1234 921 1412 984 'quae
1482 924 1513 964 e
1591 901 2108 986 Pythagoreorum
2171 902 2447 966 doctrina

428 1029 575 1085 sunt
620 1020 930 1098 desumta;
982 1044 1032 1084 e.
1081 1043 1139 1104 g.
1190 1042 1345 1104 quae
1392 1020 1790 1104 disputantur
1835 1020 1911 1084 de
1959 1022 2147 1087 animi
2193 1021 2448 1084 elemen-

428 1141 507 1203 tis
572 1139 906 1206 secundum
968 1140 1425 1208 mathematicas
1482 1148 1541 1204 et
1590 1141 1851 1204 musicas
1898 1142 2162 1206 rationes
2205 1163 2448 1224 compo-

428 1259 595 1334 sitis,
646 1281 703 1342 p.
740 1261 997 1324 34-37
1020 1286 1035 1335 3
1070 1259 1147 1322 de
1178 1267 1411 1343 septem
1441 1258 1659 1323 mundi
1693 1259 1962 1343 sphaeris
1988 1309 2002 1334 ‚
2053 1282 2111 1343 p.
2148 1261 2442 1336 39--403

430 1375 505 1440 de
550 1377 761 1461 figuris
806 1377 1249 1441 mathematicis
1266 1427 1284 1454 ‚
1334 1400 1485 1461 quas
1534 1377 1777 1462 singula
1825 1377 2122 1441 elementa
2152 1377 2442 1452 referant,

432 1519 491 1580 p.
544 1497 827 1559 54—26.
900 1495 1041 1560 Vid.
1091 1495 1478 1563 Stallbaumii
1522 1496 1865 1582 Prolegom.
1915 1495 1991 1558 ad
2039 1495 2193 1560 Tim.
2243 1519 2302 1580 p.
2339 1497 2444 1560 37.

428 1613 657 1678 Tamen
712 1614 875 1680 haud
921 1615 1048 1678 >scio
1094 1637 1171 1679 an
1206 1615 1387 1679 etiam
1434 1615 1550 1678 hoc
1599 1608 1783 1680 titulo
1835 1615 2040 1699 potius
2085 1623 2448 1680 commenta-

426 1732 553 1797 rius
598 1733 816 1817 aliquis
870 1733 1143 1798 Platonis
1192 1734 1437 1798 nomine
1469 1733 1668 1797 editus
1715 1734 2106 1818 significetur.
2201 1733 2445 1818 Simpli-

428 1851 559 1916 cius
628 1850 705 1916 ad
766 1852 1020 1916 Aristot.
1085 1850 1159 1914 de
1222 1853 1425 1916 Anim.
1489 1853 1594 1916 fol.
1649 1854 1686 1913 6
1749 1852 1804 1916 Β
1821 1902 1838 1929 ,
1887 1861 2094 1916 narrat
2139 1853 2444 1916 exstitisse

431 1971 777 2034 Aristotelis
802 1971 1303 2036 commentarium
1329 1972 1453 2052 περὶ
1487 1973 1776 2053 τάγαθοῦ,
1815 1973 1996 2054 quem
2029 1971 2289 2036 eundem
2322 1973 2444 2052 περὶ

429 2092 783 2171 φιλοσοφίας
844 2091 1205 2174 inscriptum
1265 2089 1487 2167 fuisse,
1548 2112 1671 2174 quo
1719 2091 2176 2155 continerentur
2221 2089 2448 2175 Pytha-

430 2229 751 2292 goreorum
810 2216 871 2272 et
908 2208 1181 2272 Platonis
1231 2209 1455 2293 placita
1500 2209 1576 2272 de
1623 2208 1793 2273 ideis,
1869 2208 2071 2273 Verba
2117 2210 2248 2273 eius
2278 2210 2444 2274 haec

431 2334 607 2390 sunt:
667 2327 821 2407 περὶ
879 2329 1323 2409 φιλοσοφίας
1384 2333 1477 2392 νῦν
1532 2329 1696 2404 λέγει
1754 2329 1847 2392 τοὶ
1903 2328 2057 2408 περὶ
2120 2329 2444 2405 τάγαθοῦ

430 2445 589 2525 αὐτῷ
645 2445 796 2527 (scil.
847 2447 1250 2530 Ἀριστοτέλει)
1314 2449 1377 2510 ἐκ
1421 2455 1525 2521 τῆς
1573 2445 1883 2518 Πλάτωνος
1931 2447 2446 2526 ἀναγεγραμμένα

428 2562 753 2646 ξυνουσίας,
802 2567 859 2628 ἐν
916 2560 993 2636 οἷς
1040 2565 1402 2645 ἱστορεῖς-ας
1448 2559 1514 2631 τε
1561 2567 2084 2642 Πυθαγορείους
2129 2567 2227 2630 καὶ
2275 2577 2444 2631 Πλα-

428 2683 669 2752 τωνικοὶς
740 2683 865 2761 περὶ
928 2687 1035 2746 τῶν
1108 2682 1274 2748 ὄντων
1350 2682 1539 2758 δόξας.
1633 2682 1865 2746 Eadem
1927 2683 2220 2766 leguntur
2282 2682 2444 2768 apud

429 2793 865 2883 Philoponum’
896 2799 973 2862 ad
1033 2801 1095 2863 h.
1142 2801 1219 2877 l.,
1276 2801 1501 2884 quibus
1549 2801 1872 2885 adjiciatur
1917 2800 2136 2865 Suidas
2183 2801 2248 2864 in
2294 2823 2439 2866 voce

428 2918 612 2993 οὶγαθ.
662 2918 825 2994 δαίμ.
894 2917 1037 3000 (Vol
1100 2915 1167 2995 I,
1232 2919 1345 2982 col.
1413 2921 1515 2982 36.
1578 2919 1670 2982 ed.
1742 2919 2012 3002 Bernh.).
2108 2918 2297 3004 Saepe
2343 2919 2443 2984 hic

428 3035 583 3100 liber
640 3036 767 3116 περὶ
828 3039 1091 3113 τάγαθοῦ
1156 3036 1378 3101 citatur
1426 3038 1499 3101 ab
1550 3037 1954 3102 Aristotelicis
2002 3045 2063 3101 et
2108 3038 2442 3102 Platonicis

428 3153 712 3237 (quorum
773 3155 1121 3219 testimonia
1180 3157 1485 3240 congessit
1544 3156 1908 3220 Brandisius'
1965 3156 2100 3220 libr.
2152 3155 2318 3220 laud.
2373 3179 2434 3239 p.

433 3274 603 3334 3—8
654 3280 715 3336 et
760 3296 818 3356 p.
872 3275 1009 3356 ll),
1064 3296 1268 3338 verum
1314 3281 1439 3338 tam
1486 3274 1776 3352 obscure,
1811 3282 1916 3354 ut,
1950 3282 2163 3338 utrum
2194 3274 2442 3338 illorum

429 3390 749 3454 relationes
782 3413 814 3454 e
846 3391 1005 3455 fama
1040 3415 1115 3454 an
1166 3393 1343 3456 certis
1390 3415 1423 3456 e
1454 3393 1864 3456 monumentis
1897 3393 2119 3457 ductae
2153 3399 2212 3455 et
2244 3393 2443 3476 prodi-

429 3515 527 3572 tae
574 3509 730 3587 sint,
779 3508 1021 3573 dubites
1049 3511 1096 3593 l)
1144 3532 1329 3595 quare
1376 3533 1445 3574 ex
1492 3511 1774 3600 illorum,
1808 3512 2259 3576 narrationibus
2293 3513 2442 3575 certi

432 3625 581 3710 quid
642 3635 905 3692 statuere
966 3650 1089 3692 non
1150 3628 1311 3693 licet.
1393 3629 1660 3696 Maxime
1716 3630 2105 3694 memorabile
2159 3629 2312 3696 mihi
2358 3624 2473 3692 vi?

500 3872 545 3931 l)
579 3871 655 3920 Ex
689 3871 1026 3936 interpretibus
1060 3873 1141 3936 qui
1176 3873 1327 3922 citant
1362 3874 1758 3922 commentarium
1789 3879 1894 3943 περὶ
1909 3878 2137 3939 τάγαθοῦ,
2166 3873 2441 3923 Βταυάἰείιιε

432 3971 571 4032 putat
612 3969 849 4017 neminem
889 3974 1075 4031 praeter
1118 3968 1440 4018 Alexandrum
1488 3969 1828 4033 Aphrodisium
1863 3970 1990 4018 hunc
2024 3971 2073 4018 in
2109 3971 2325 4019 manibus
2361 3970 2442 4018 ha·

432 4063 589 4111 buisse
624 4062 749 4123 (libr.
784 4063 909 4112 laud.
944 4079 992 4128 p.
1026 4066 1095 4125 4).
1130 4063 1592 4126 Trcndelenburgius
1626 4069 1784 4113 autem
1821 4065 1871 4126 (l.
1907 4065 1938 4114 l.
1963 4083 2010 4130 p.
2041 4065 2120 4125 29)
2144 4066 2286 4114 etiam
2300 4065 2440 4113 huius

434 4156 745 4206 relationibus
800 4157 856 4206 de
913 4158 1004 4208 hoc
1060 4175 1199 4224 opere
1250 4164 1385 4208 caute
1432 4159 1568 4208 nobi's
1616 4160 1843 4210 utendum
1891 4177 1990 4208 esse
2038 4166 2222 4219 monet,
2271 4161 2442 4225 quippe

434 4255 513 4316 qui
548 4270 779 4318 nusquam
814 4255 915 4318 ipsa
952 4255 1225 4306 Aristotelis
1259 4256 1401 4305 verba
1435 4257 1614 4306 afferat.
