3092 5084
1343 505 1463 563 129

392 709 519 787 bit,
566 710 763 795 Epist.
814 708 977 786 VH,
1027 732 1087 793 p.
1138 711 1262 775 327
1314 708 1535 773 B-D,
1577 711 1622 793 ¹)
1715 692 1899 772 Mors.
1927 717 2130 773 autem
2179 711 2404 795 Diony·

393 828 467 890 sii
496 828 740 892 maioris
772 828 935 893 cadit
964 828 1027 891 in
1060 826 1159 890 Ol.
1200 830 1356 904 103,
1392 830 1430 889 2
1446 854 1465 905 ;
1500 849 1554 890 a.
1590 849 1642 889 a.
1678 825 1746 890 C.
1781 829 1932 894 367.
1987 827 2160 892 Idem
2198 828 2406 892 scribit

394 944 638 1029 Nepos,
702 946 885 1010 Dion.
935 968 985 1009 c.
1050 949 1088 1009 3
1110 995 1129 1023 ,
1190 944 1445 1025 „Quum
1509 945 1630 1009 Dio
1691 968 1814 1009 non
1878 946 2193 1021 desisteret
2239 946 2407 1011 obse-

394 1086 560 1127 crare
588 1063 952 1149 Dionysium
997 1070 1069 1127 ut
1112 1063 1429 1127 Platonem
1463 1064 1720 1127 Athenis
1768 1073 2122 1143 arcesseret,
2169 1104 2260 1115 --
2303 1065 2406 1129 ille

392 1204 620 1246 morem
667 1182 724 1246 ei
768 1182 991 1266 gessit”
1050 1181 1141 1247 Cf.
1193 1182 1581 1259 Plutarchus,
1615 1182 1798 1246 Dion.
1833 1205 1885 1247 c.
1923 1186 2024 1247 12.
2087 1183 2252 1269 Ergo
2281 1206 2406 1249 non

392 1302 601 1365 statim
663 1302 909 1385 quidem
926 1352 943 1378 ,
1007 1302 1281 1386 proximo
1341 1311 1545 1365 tamen
1608 1309 1747 1387 post
1809 1309 2066 1365 mortem
2127 1302 2408 1389 Dionysii

395 1420 638 1485 maioris
702 1443 859 1485 anno
875 1470 894 1499 ,
960 1421 1020 1484 h.
1070 1444 1119 1483 e.
1170 1422 1297 1484 366
1346 1443 1400 1484 a.
1448 1420 1516 1484 G.
1536 1470 1556 1497 ,
1605 1420 1922 1485 Platonem
1967 1421 2191 1485 iterum
2239 1420 2410 1506 Syra-

397 1560 571 1601 cusas
635 1538 867 1603 venisse
922 1538 1231 1623 probabile
1279 1545 1388 1602 est.
1482 1536 1721 1617 Quarto
1769 1547 1973 1602 autem
2020 1562 2225 1603 mense
2271 1522 2419 1625 post

396 1656 565 1721 illius
612 1657 938 1721 adventum
986 1657 1261 1742 Epistola
1308 1656 1434 1721 VII
1476 1660 1559 1741 (p.
1605 1660 1730 1721 329
1777 1656 1849 1742 O)
1907 1658 2116 1722 scribit
2147 1658 2409 1721 Dionem

399 1775 642 1838 civitate
701 1776 948 1860 pulsum
1014 1798 1141 1839 esse
1160 1825 1179 1853 ,
1242 1776 1562 1839 Platonem
1610 1762 1750 1839 vero
1797 1799 1832 1838 a
1884 1785 2142 1860 tyranno
2190 1776 2406 1860 partim

400 1894 713 1957 blanditiis
761 1896 975 1979 partim
1026 1895 1381 1957 necessitate
1427 1901 1731 1957 retentum
1771 1893 2129 1979 aliquandiu
2163 1893 2412 1979 Syracu·

400 2013 482 2075 sis
528 2014 902 2077 remansisse.
994 2011 1257 2108 Quando
1306 2020 1507 2076 autem
1554 2034 1828 2075 reversus
1875 2012 1956 2075 sit
2001 2012 2062 2075 in
2113 2013 2408 2097 patriam,

400 2132 466 2195 id
526 2154 741 2215 parum
799 2132 1012 2216 liquet.
1106 2130 1397 2195 Corsinus
1460 2131 1549 2216 (ll.
1613 2154 1674 2215 p.
1744 2133 1892 2216 112)
1966 2141 2045 2194 ex'
2101 2131 2413 2216 Epistolae

402 2249 471 2313 II
501 2250 677 2313 initio
709 2250 921 2327 efficit,
958 2272 1095 2313 eum
1136 2256 1394 2313 exeunte
1422 2248 1533 2311 hac
1559 2248 1920 2334 Olympiade
1946 2251 2122 2334 (103)
2150 2273 2181 2311 e
2206 2248 2414 2313 Sicilia

401 2368 683 2431 reducem
741 2368 817 2431 ad
862 2369 1202 2453 proximum
1248 2365 1674 2452 Olympiorum
1723 2374 2088 2431 conventum
2105 2416 2123 2444 ,
2173 2390 2225 2430 a.
2283 2362 2409 2431 365

402 2486 713 2563 habitum,
768 2508 831 2549 se
877 2486 1233 2564 contulisse3
1283 2493 1463 2571 putat
1508 2486 1670 2551 en-im
1717 2486 1874 2549 hanc
1922 2485 2242 2571 epistolam
2273 2493 2415 2571 post

402 2604 665 2669 reditum
724 2628 759 2669 a
810 2606 1076 2669 secundo
1123 2606 1339 2669 itinere
1386 2606 1674 2691 scriptam
1721 2628 1868 2669 esse.
1963 2606 2049 2668 At
2102 2626 2285 2689 supra
2333 2605 2418 2667 vi-

406 2724 608 2788 dimus
669 2726 751 2810 (p.
812 2727 949 2809 19),
998 2721 1334 2810 Epistulam
1379 2723 1449 2787 II
1493 2725 1699 2809 potius
1745 2724 2035 2809 scriptam
2080 2724 2228 2807 fingi
2275 2730 2417 2807 post

408 2843 693 2907 ultimum
739 2844 880 2922 iter,
927 2850 1000 2907 ut
1044 2842 1467 2927 Olympiorum
1512 2849 1846 2915 conventus
1895 2842 2001 2925 qui
2047 2841 2146 2905 hic
2194 2864 2417 2905 memo-

407 2968 579 3025 ratur
637 2961 797 3026 idem
858 2962 939 3029 sit
999 2962 1173 3025 cuius
1217 2961 1446 3025 mentio
1492 2961 1562 3025 fit
1605 2961 1670 3025 in
1715 2960 1912 3045 Epist.
1962 2958 2127 3038 VH,
2174 2983 2234 3045 p.
2284 2962 2412 3023 350

408 3080 495 3158 B,
544 3081 651 3163 qui
697 3088 1029 3145 conventus
1073 3080 1288 3145 incidit
1338 3080 1405 3144 in
1450 3102 1503 3143 a.
1563 3082 1688 3143 360
1739 3102 1791 3143 a.
1827 3078 1896 3143 O.
1957 3078 2162 3159 Quare
2195 3102 2266 3143 ex
2307 3080 2416 3142 illa

412 3199 669 3284 epistola
736 3199 812 3262 ad
880 3198 1130 3263 secundi
1190 3199 1423 3263 itineris
1487 3206 1728 3283 tempus
1789 3198 2201 3263 definiendum
2261 3198 2417 3262 nihil

412 3318 740 3402 proficitur.
775 3317 823 3403 ²)

498 3435 691 3498 Tertii
750 3436 983 3500 itineris
1045 3443 1285 3521 tempus
1338 3460 1375 3500 a
1418 3436 1674 3501 Platone
1718 3460 1842 3501 non
1888 3438 2046 3501 clare
2092 3436 2413 3501 indicatur.

411 3556 580 3618 Dicit
610 3578 701 3634 se,
735 3555 896 3639 bello
928 3557 992 3619 in
1024 3555 1229 3620 Sicilia
1258 3564 1411 3635 ort0‚
1448 3580 1483 3620 a
1512 3557 1806 3641 Dionysio
1839 3555 2156 3621 dimissum
2187 3578 2316 3619 esse
2347 3576 2418 3618 ea

415 3674 800 3752 condicione,
828 3682 917 3752 ut,
945 3698 1091 3759 pace
1121 3676 1419 3753 restituta,
1455 3698 1579 3739 una
1601 3697 1740 3740 cum
1765 3676 1964 3739 Dione
1984 3682 2382 3739 reverteretur
2397 3700 2416 3751 3

416 3794 637 3877 quibus
671 3793 952 3879 deinceps
999 3794 1146 3859 haec
1192 3794 1391 3873 addit,
1439 3818 1497 3881 p.
1549 3798 1675 3860 338
1723 3796 1806 3860 B:
1855 3794 2160 3873 γενομένης
2206 3796 2254 3859 δ’
2277 3796 2417 3874 εἰρή-

481 4111 531 4174 1)
563 4114 719 4169 Δίωνος
752 4116 795 4161 ἐν
824 4114 971 4179 ἡλικίᾳ
1002 4114 1124 4171 ὄντος
1156 4119 1279 4182 μέσῃ
1314 4117 1385 4164 καὶ
1415 4115 1731 4179 καθεστηιωὶᾳ.
1782 4112 1934 4177 Epist.
1969 4112 2080 4169 ΙΙΙ,
2119 4110 2214 4159 316
2249 4110 2306 4159 C.

480 4205 531 4267 2)
564 4206 723 4255 Etiam
758 4206 963 4255 Groteus
996 4208 1196 4257 eundem
1221 4208 1552 4271 Olympiorum
1581 4212 1864 4258 conventum
1901 4208 1949 4256 in
1985 4212 2183 4270 utraque
2221 4204 2418 4269 epistola

418 4299 671 4363 significari
705 4304 878 4350 censet.
914 4301 1019 4349 Vol.
1056 4302 1149 4360 XI,
1184 4318 1229 4367 p.
1264 4302 1355 4361 82,
1389 4320 1437 4352 n.
1471 4305 1519 4352 4.

2145 4398 2184 4453 9
