3092 5084
1668 538 1752 600 36

700 745 967 809 officium
1010 745 1292 830 redigant
1336 745 1487 811 αἰδοῖ
1510 744 1609 810 καὶ
1643 745 1836 826 φόβῳ.
1901 743 2163 831 Oportet
2195 769 2337 832 ergo
2367 747 2433 812 in
2466 770 2711 833 quaque

700 869 944 932 civitate
1004 867 1184 931 rebus
1245 866 1567 952 praeficere
1629 867 1951 951 optimates
1968 915 1987 945 ‚
2057 868 2164 951 qui
2220 869 2429 952 aequis
2475 866 2713 953 legibus

698 987 1136 1072 rempublicam
1181 987 1563 1051 constituant
1609 993 1669 1050 et
1711 986 2086 1071 gubernent:
2123 986 2419 1057 denorum
2449 986 2715 1051 millium

699 1106 931 1170 civitati
982 1106 1431 1190 quinquaginta
1490 1105 1836 1170 sufficiunt:
1892 1107 2203 1188 μυρίανδρῃ
2274 1105 2441 1172 πόλει
2503 1107 2715 1181 πεντή-

696 1248 871 1290 κοντα
914 1223 1114 1289 ἱκανοί.
1161 1248 1222 1310 p.
1273 1227 1398 1290 337
1451 1224 1520 1289 G.
1614 1224 1781 1289 Haec
1828 1232 2007 1302 sunt,
2054 1225 2292 1308 inquit,
2342 1247 2499 1310 quae
2534 1225 2707 1288 vobis

697 1342 949 1407 consulo
965 1393 984 1420 ,
1033 1343 1273 1428 gemina
1315 1342 1425 1407 illa
1469 1350 1578 1407 aut
1623 1343 1899 1428 proxima
1943 1343 2017 1407 iis
2064 1365 2222 1426 quae
2267 1351 2447 1407 antea
2482 1342 2710 1427 Diony-

698 1462 788 1525 sio
837 1468 898 1525 et
927 1484 1124 1547 nuper
1154 1461 1549 1548 Syracusanis
1581 1463 1763 1527 suasi.
1788 1501 1879 1512 —
1902 1461 2209 1546 Equidem
2231 1485 2469 1541 vereor,
2509 1485 2587 1527 ne
2618 1462 2713 1525 his

695 1579 868 1644 lectis
914 1579 1132 1644 Dionis
1178 1581 1509 1666 propinqui
1561 1580 1729 1645 haud
1787 1580 1986 1644 multo
2032 1581 2317 1645 certiores
2362 1581 2507 1644 facti
2553 1580 2677 1643 sint
2695 1630 2713 1658 ,

697 1697 848 1782 quid
891 1689 1171 1783 angustis
1217 1701 1284 1763 in
1327 1700 1509 1765 rebus
1550 1707 1799 1784 agerent
1830 1721 2014 1784 quam
2048 1706 2226 1764 antea
2254 1699 2546 1777 fuissent,
2580 1699 2706 1762 imo

697 1840 775 1881 ne
820 1824 1126 1903 postremo
1173 1819 1442 1882 evenerit
1487 1818 1563 1882 iis
1593 1817 1741 1884 ὥστε
1785 1825 2170 1891 τελευτῶντες
2216 1821 2503 1896 ἰλιγγιᾶν.

790 1935 906 1999 His
973 1937 1322 2001 summatim
1369 1937 1661 2022 expositis
1709 1938 2003 2023 quisque,
2053 1938 2302 2023 opinor,
2352 1936 2712 2022 perspiciet,

703 2055 870 2138 quod
916 2056 1112 2141 ipsam
1156 2056 1494 2142 perlegenti
1540 2056 1862 2142 epistolam
1906 2059 2298 2122 manifestum
2338 2058 2479 2135 erit,
2531 2057 2717 2141 scrip-

702 2181 894 2238 torem
965 2175 1094 2238 sine
1157 2174 1284 2238 ullo
1345 2175 1559 2240 ordine
1619 2176 1740 2240 huc
1800 2176 1950 2240 illuc
2006 2177 2211 2261 vagari
2226 2225 2245 2254 ,
2317 2175 2487 2260 prius
2550 2175 2713 2238 dicta

704 2299 1009 2376 repetere,
1058 2293 1281 2357 ultima
1309 2294 1520 2379 primis
1552 2294 1837 2372 miscere,
1871 2294 2076 2358 omnia
2105 2293 2492 2358 confundere.
2540 2292 2717 2356 Prae-

703 2419 869 2476 terea
913 2413 1247 2477 orationem
1277 2413 1520 2498 plenam
1552 2436 1683 2478 esse
1714 2413 2073 2498 conquisitis
2104 2413 2377 2497 undique
2408 2411 2678 2476 flosculis
2695 2462 2714 2490 ,

704 2530 1025 2596 verborum
1072 2531 1360 2617 ampullis
1408 2540 1469 2596 et
1514 2533 1771 2618 argutiis
1786 2583 1805 2610 ,
1846 2533 2093 2617 tragicis
2126 2532 2443 2597 sententiis
2476 2540 2536 2595 et
2566 2531 2715 2594 locis

703 2650 1128 2715 communibus
1143 2701 1162 2728 ,
1213 2673 1369 2736 quae
1414 2651 1723 2716 interdum
1769 2651 1925 2716 nihil
1972 2651 2050 2716 ad
2093 2674 2221 2715 rem
2267 2651 2593 2736 pertinent.

790 2768 1093 2854 Deinceps
1157 2769 1234 2832 ad
1295 2769 1538 2834 tertiam
1584 2777 1817 2855 partem
1834 2821 1852 2849 ,
1901 2770 2191 2834 ultimum
2236 2771 2352 2833 iter
2397 2768 2717 2854 Syracusa-

702 2910 853 2951 num
869 2938 887 2966 ,
947 2889 1277 2952 transitum
1338 2889 1485 2953 facit
1545 2889 1642 2953 his
1702 2889 1933 2954 verbis:
1994 2889 2307 2968 Ξυμβουλὴ
2352 2889 2459 2966 μὲν
2505 2889 2570 2963 δὴ
2615 2887 2715 2952 καὶ

703 3008 978 3082 ἐπιστολὴ
1023 3009 1251 3086 εἰρήσθω
1296 3007 1394 3072 καὶ
1443 3011 1476 3084 ἧ
1525 3009 1688 3089 παρὰ
1737 3009 2023 3075 Διονύσιον
2068 3009 2180 3088 ἐμὴ
2227 3007 2475 3090 πρότεροι
2516 3005 2717 3086 ἄφιξις

703 3126 1023 3210 (concinna
1067 3127 1389 3191 verborum
1429 3127 1725 3212 junctura
1740 3128 1809 3212 Ξ),
1860 3131 1893 3203 ἦ
1939 3127 1997 3191 δὲ
2043 3127 2109 3201 δὴ
2156 3125 2366 3208 ὑστέραι
2411 3127 2609 3205 πορεία
2647 3150 2714 3190 τε

701 3243 801 3307 καὶ
849 3250 1032 3316 πλοῦς
1078 3246 1151 3316 ὡς
1197 3246 1426 3317 εἰκότως
1471 3270 1541 3311 τε
1587 3243 1724 3324 ἅμα
1768 3245 1868 3310 καὶ
1917 3247 2187 3324 ἐμμελῶς
2234 3245 2507 3328 γέγονεν,
2540 3240 2590 3326 ᾧ
2612 3245 2719 3321 μέ-

699 3378 790 3428 λει
835 3361 1058 3429 ἀκούειν
1115 3362 1304 3440 ἔξεστι
1362 3367 1430 3431 τὸ
1488 3366 1653 3442 μετὰ
1712 3370 1897 3431 τοῦτο.
1947 3387 2005 3449 p.
2056 3366 2181 3430 337
2231 3362 2305 3427 Ε.
2396 3362 2542 3426 Non
2587 3363 2718 3426 sine

701 3481 938 3546 ratione
983 3481 1184 3546 addit:
1233 3504 1438 3568 „quae
1469 3483 1680 3547 audiat
1710 3484 1813 3547 cui
1843 3483 2016 3548 lubet
2028 3483 2089 3561 ;”
2136 3482 2353 3546 Dionis
2387 3482 2716 3546 amicorum

701 3599 767 3662 in
813 3623 1096 3686 praesens
1142 3624 1358 3689 parum
1405 3625 1549 3666 sane
1594 3603 1886 3668 intererat
1928 3603 2047 3666 ista
2091 3600 2321 3665 audire.

797 3839 921 3904 ΠΙ.
993 3837 1220 3904 Narrat
1277 3840 1468 3926 igitur
1514 3841 1741 3925 quibus
1786 3840 2125 3904 rationibus
2173 3837 2475 3902 adductus
2522 3836 2601 3901 sit
2644 3842 2717 3900 ut

703 3957 955 4022 tertium
997 3957 1159 4021 illud
1203 3958 1319 4022 iter
1365 3959 1717 4044 susciperet.
1811 3957 2205 4023 Increbuerat
2248 3957 2408 4021 fama
2424 4004 2443 4034 ,
2492 3954 2719 4039 Diony-

703 4075 865 4140 sium
923 4075 1177 4162 flagrare
1235 4100 1448 4141 rursus
1511 4099 1712 4140 amore
1756 4075 2209 4162 philosophiae:
2256 4077 2329 4146 ὥς
2374 4073 2713 4150 θαυμαστὸν

705 4189 835 4259 ὅσον
894 4193 1181 4268 Διονύσιος
1226 4196 1571 4268 ἐπιδεδωκὼς
1616 4194 1701 4271 εἴη
1754 4195 1892 4276 πρὸς
1936 4193 2308 4275 Φιλοσοφίαν.
2358 4215 2417 4277 p.
2466 4193 2593 4254 339
2641 4189 2715 4254 Β.

707 4311 926 4416 Itaque
970 4313 1362 4377 hortantibus
1409 4314 1615 4377 amicis
1633 4362 1652 4391 ,
1693 4313 1757 4377 in
1788 4313 1883 4376 his
1914 4311 2113 4376 Dione
2143 4317 2204 4374 et
2234 4309 2537 4393 Archyta,
2570 4307 2719 4371 invi-
