<?xml version="1.0" encoding="UTF-8"?>
<!DOCTYPE html PUBLIC "-//W3C//DTD XHTML 1.0 Transitional//EN"
    "http://www.w3.org/TR/xhtml1/DTD/xhtml1-transitional.dtd">
<html xmlns="http://www.w3.org/1999/xhtml" xml:lang="en" lang="en">
 <head>
  <title>
</title>
<meta http-equiv="Content-Type" content="text/html;charset=utf-8" />
  <meta name='ocr-system' content='tesseract 3.04.00' />
  <meta name='ocr-capabilities' content='ocr_page ocr_carea ocr_par ocr_line ocrx_word'/>
</head>
<body>
  <div class='ocr_page' id='page_1' title='image "./commentatiocrit01karsgoog_0200.png"; bbox 0 0 3092 5084; ppageno 0'>
   <div class='ocr_carea' id='block_1_1' title="bbox 588 487 2623 3743">
    <p class='ocr_par' dir='ltr' id='par_1_1' title="bbox 588 487 2613 1014">
     <span class='ocr_line' id='line_1_1' title="bbox 1549 487 1669 548; baseline -0.017 0"><span class='ocrx_word' id='word_1_1' title='bbox 1549 487 1669 548; x_wconf 85' lang='lat'><strong>166</strong></span> 
     </span>
     <span class='ocr_line' id='line_1_2' title="bbox 591 693 2612 778; baseline -0.001 -21"><span class='ocrx_word' id='word_1_2' title='bbox 591 694 912 757; x_wconf 78' lang='lat' dir='ltr'><strong>itineribus</strong></span> <span class='ocrx_word' id='word_1_3' title='bbox 960 695 1027 757; x_wconf 90' lang='lat' dir='ltr'><strong>in</strong></span> <span class='ocrx_word' id='word_1_4' title='bbox 1073 693 1339 756; x_wconf 86' lang='lat' dir='ltr'><strong>Siciliam</strong></span> <span class='ocrx_word' id='word_1_5' title='bbox 1390 693 1463 756; x_wconf 92' lang='lat' dir='ltr'><strong>ab</strong></span> <span class='ocrx_word' id='word_1_6' title='bbox 1508 693 1771 777; x_wconf 84' lang='lat' dir='ltr'><strong>Apuleio</strong></span> <span class='ocrx_word' id='word_1_7' title='bbox 1817 701 2180 772; x_wconf 85' lang='lat' dir='ltr'><strong>narrantur,</strong></span> <span class='ocrx_word' id='word_1_8' title='bbox 2231 717 2412 778; x_wconf 88' lang='lat' dir='ltr'><strong>supra</strong></span> <span class='ocrx_word' id='word_1_9' title='bbox 2445 717 2480 756; x_wconf 91' lang='lat' dir='ltr'><strong>a</strong></span> <span class='ocrx_word' id='word_1_10' title='bbox 2509 715 2612 755; x_wconf 87' lang='lat' dir='ltr'><strong>no-</strong></span> 
     </span>
     <span class='ocr_line' id='line_1_3' title="bbox 588 811 2613 897; baseline -0.001 -21"><span class='ocrx_word' id='word_1_11' title='bbox 588 813 685 876; x_wconf 88' lang='lat' dir='ltr'><strong>bis</strong></span> <span class='ocrx_word' id='word_1_12' title='bbox 743 813 965 889; x_wconf 83' lang='lat' dir='ltr'><strong>relata,</strong></span> <span class='ocrx_word' id='word_1_13' title='bbox 1028 813 1094 876; x_wconf 91' lang='lat' dir='ltr'><strong>in</strong></span> <span class='ocrx_word' id='word_1_14' title='bbox 1159 813 1253 875; x_wconf 86' lang='lat' dir='ltr'><strong>his</strong></span> <span class='ocrx_word' id='word_1_15' title='bbox 1316 811 1658 897; x_wconf 83' lang='lat' dir='ltr'>Speusippo</span> <span class='ocrx_word' id='word_1_16' title='bbox 1721 819 1965 876; x_wconf 91' lang='lat' dir='ltr'><strong>auctore</strong></span> <span class='ocrx_word' id='word_1_17' title='bbox 2029 834 2170 876; x_wconf 90' lang='lat' dir='ltr'><strong>eum</strong></span> <span class='ocrx_word' id='word_1_18' title='bbox 2239 835 2420 876; x_wconf 91' lang='lat' dir='ltr'><strong>usum</strong></span> <span class='ocrx_word' id='word_1_19' title='bbox 2483 835 2613 876; x_wconf 85' lang='lat' dir='ltr'><strong>esse</strong></span> 
     </span>
     <span class='ocr_line' id='line_1_4' title="bbox 591 929 1115 1014; baseline -0.002 -21"><span class='ocrx_word' id='word_1_20' title='bbox 591 931 728 1014; x_wconf 90' lang='lat' dir='ltr'><strong>quis</strong></span> <span class='ocrx_word' id='word_1_21' title='bbox 776 929 1027 994; x_wconf 80' lang='lat' dir='ltr'><strong>credat?</strong></span> <span class='ocrx_word' id='word_1_22' title='bbox 1110 939 1115 949; x_wconf 83' lang='lat'>‘</span> 
     </span>
    </p>

    <p class='ocr_par' dir='ltr' id='par_1_2' title="bbox 593 1047 2623 3743">
     <span class='ocr_line' id='line_1_5' title="bbox 682 1047 2622 1134; baseline 0.002 -23"><span class='ocrx_word' id='word_1_23' title='bbox 682 1049 870 1133; x_wconf 87' lang='lat' dir='ltr'>Apud</span> <span class='ocrx_word' id='word_1_24' title='bbox 924 1049 1268 1132; x_wconf 81' lang='lat' dir='ltr'><strong>Diogenem</strong></span> <span class='ocrx_word' id='word_1_25' title='bbox 1312 1049 1463 1112; x_wconf 89' lang='lat' dir='ltr'><strong>haec</strong></span> <span class='ocrx_word' id='word_1_26' title='bbox 1506 1049 1801 1133; x_wconf 80' lang='lat' dir='ltr'><strong>legimuS,</strong></span> <span class='ocrx_word' id='word_1_27' title='bbox 1849 1049 1892 1112; x_wconf 91' lang='lat' dir='ltr'><strong>l.</strong></span> <span class='ocrx_word' id='word_1_28' title='bbox 1926 1047 2058 1127; x_wconf 93' lang='lat' dir='ltr'><strong>III,</strong></span> <span class='ocrx_word' id='word_1_29' title='bbox 2108 1051 2251 1134; x_wconf 66' lang='lat'><strong>§62</strong></span> <span class='ocrx_word' id='word_1_30' title='bbox 2287 1050 2495 1114; x_wconf 75' lang='grc' dir='ltr'><em>ἔπειτα</em></span> <span class='ocrx_word' id='word_1_31' title='bbox 2520 1073 2622 1128; x_wconf 78' lang='grc' dir='ltr'><strong>γε·</strong></span> 
     </span>
     <span class='ocr_line' id='line_1_6' title="bbox 593 1166 2618 1249; baseline 0.001 -19"><span class='ocrx_word' id='word_1_32' title='bbox 593 1167 818 1244; x_wconf 75' lang='grc' dir='ltr'><strong>νόμενος</strong></span> <span class='ocrx_word' id='word_1_33' title='bbox 882 1169 1025 1232; x_wconf 76' lang='grc' dir='ltr'><strong>ὀκτὼ</strong></span> <span class='ocrx_word' id='word_1_34' title='bbox 1080 1167 1175 1232; x_wconf 67' lang='lat' dir='ltr'><strong>noo)</strong></span> <span class='ocrx_word' id='word_1_35' title='bbox 1224 1166 1427 1232; x_wconf 76' lang='grc' dir='ltr'><em>εἴκοσιν</em></span> <span class='ocrx_word' id='word_1_36' title='bbox 1480 1170 1648 1243; x_wconf 79' lang='grc' dir='ltr'><em>ἐτῶν,</em></span> <span class='ocrx_word' id='word_1_37' title='bbox 1691 1167 1842 1232; x_wconf 73' lang='grc' dir='ltr'><em>κοιθοέ</em></span> <span class='ocrx_word' id='word_1_38' title='bbox 1888 1174 2066 1248; x_wconf 73' lang='grc' dir='ltr'><em>φησιν</em></span> <span class='ocrx_word' id='word_1_39' title='bbox 2121 1169 2459 1249; x_wconf 73' lang='grc' dir='ltr'><em>Ἑρμόδωρος</em></span> <span class='ocrx_word' id='word_1_40' title='bbox 2479 1217 2493 1240; x_wconf 86' lang='grc'><em>,</em></span> <span class='ocrx_word' id='word_1_41' title='bbox 2540 1171 2618 1240; x_wconf 72' lang='grc' dir='ltr'><strong>εἷς</strong></span> 
     </span>
     <span class='ocr_line' id='line_1_7' title="bbox 595 1285 2616 1368; baseline -0 -17"><span class='ocrx_word' id='word_1_42' title='bbox 595 1285 857 1368; x_wconf 66' lang='grc' dir='ltr'><em>Μέγαρα</em></span> <span class='ocrx_word' id='word_1_43' title='bbox 918 1285 1053 1367; x_wconf 77' lang='grc' dir='ltr'><em>πρὸς</em></span> <span class='ocrx_word' id='word_1_44' title='bbox 1114 1285 1429 1360; x_wconf 74' lang='grc' dir='ltr'><em>Εὐκλείδην</em></span> <span class='ocrx_word' id='word_1_45' title='bbox 1480 1287 1586 1350; x_wconf 84' lang='grc' dir='ltr'><strong>σὺν</strong></span> <span class='ocrx_word' id='word_1_46' title='bbox 1631 1285 1834 1358; x_wconf 70' lang='grc' dir='ltr'><em>ἄλλοις</em></span> <span class='ocrx_word' id='word_1_47' title='bbox 1882 1287 1994 1351; x_wconf 78' lang='grc' dir='ltr'><em>τισὶ</em></span> <span class='ocrx_word' id='word_1_48' title='bbox 2045 1295 2424 1367; x_wconf 67' lang='grc' dir='ltr'><strong><em>Σωκρατικοῖς</em></strong></span> <span class='ocrx_word' id='word_1_49' title='bbox 2471 1289 2616 1351; x_wconf 69' lang='grc' dir='ltr'><em>οἷπε-</em></span> 
     </span>
     <span class='ocr_line' id='line_1_8' title="bbox 594 1404 2617 1488; baseline 0 -20"><span class='ocrx_word' id='word_1_50' title='bbox 594 1405 853 1485; x_wconf 65' lang='lat' dir='ltr'><strong>xclamo-ev</strong></span> <span class='ocrx_word' id='word_1_51' title='bbox 880 1424 895 1439; x_wconf 92' lang='lat'><strong>·</strong></span> <span class='ocrx_word' id='word_1_52' title='bbox 944 1406 1204 1468; x_wconf 77' lang='grc' dir='ltr'><em>κοὶκεῖθεν</em></span> <span class='ocrx_word' id='word_1_53' title='bbox 1254 1405 1331 1473; x_wconf 80' lang='grc' dir='ltr'><strong>εἷς</strong></span> <span class='ocrx_word' id='word_1_54' title='bbox 1380 1405 1643 1468; x_wconf 79' lang='grc' dir='ltr'><em>Ἰτοολίοον</em></span> <span class='ocrx_word' id='word_1_55' title='bbox 1689 1404 1826 1485; x_wconf 76' lang='grc' dir='ltr'><em>πρὸς</em></span> <span class='ocrx_word' id='word_1_56' title='bbox 1869 1406 2002 1476; x_wconf 81' lang='grc' dir='ltr'><em>τοὺς</em></span> <span class='ocrx_word' id='word_1_57' title='bbox 2041 1405 2494 1488; x_wconf 70' lang='grc' dir='ltr'><em>Πυθαγορικοὺς,</em></span> <span class='ocrx_word' id='word_1_58' title='bbox 2522 1414 2617 1470; x_wconf 86' lang='grc' dir='ltr'><em>Φι-</em></span> 
     </span>
     <span class='ocr_line' id='line_1_9' title="bbox 595 1500 2617 1603; baseline 0 -16"><span class='ocrx_word' id='word_1_59' title='bbox 595 1523 807 1587; x_wconf 78' lang='grc' dir='ltr'><strong>λόλοοον</strong></span> <span class='ocrx_word' id='word_1_60' title='bbox 852 1521 951 1586; x_wconf 69' lang='grc' dir='ltr'><strong>καὶ</strong></span> <span class='ocrx_word' id='word_1_61' title='bbox 998 1500 1249 1601; x_wconf 54' lang='grc' dir='ltr'><em>Εὕρυὲον</em></span> <span class='ocrx_word' id='word_1_62' title='bbox 1274 1543 1287 1556; x_wconf 71' lang='lat'><strong>⁴</strong></span> <span class='ocrx_word' id='word_1_63' title='bbox 1341 1521 1489 1586; x_wconf 81' lang='grc' dir='ltr'><em>ἔνθεν</em></span> <span class='ocrx_word' id='word_1_64' title='bbox 1534 1525 1589 1586; x_wconf 80' lang='grc' dir='ltr'><strong>τ’</strong></span> <span class='ocrx_word' id='word_1_65' title='bbox 1615 1523 1693 1594; x_wconf 82' lang='grc' dir='ltr'><strong>εἷς</strong></span> <span class='ocrx_word' id='word_1_66' title='bbox 1750 1521 2053 1600; x_wconf 74' lang='grc' dir='ltr'><strong>Αἴγυπτον</strong></span> <span class='ocrx_word' id='word_1_67' title='bbox 2099 1523 2264 1602; x_wconf 68' lang='grc' dir='ltr'><em>παρὰ</em></span> <span class='ocrx_word' id='word_1_68' title='bbox 2317 1525 2448 1594; x_wconf 77' lang='grc' dir='ltr'><strong>τοὺς</strong></span> <span class='ocrx_word' id='word_1_69' title='bbox 2489 1548 2617 1603; x_wconf 81' lang='grc' dir='ltr'><em>προ-</em></span> 
     </span>
     <span class='ocr_line' id='line_1_10' title="bbox 596 1617 2614 1723; baseline 0.001 -19"><span class='ocrx_word' id='word_1_70' title='bbox 596 1643 797 1720; x_wconf 74' lang='grc' dir='ltr'><em>φήτας</em></span> <span class='ocrx_word' id='word_1_71' title='bbox 824 1661 839 1676; x_wconf 91' lang='grc'><em>·</em></span> <span class='ocrx_word' id='word_1_72' title='bbox 901 1638 967 1705; x_wconf 79' lang='grc' dir='ltr'><strong>οὗ</strong></span> <span class='ocrx_word' id='word_1_73' title='bbox 1026 1641 1181 1721; x_wconf 72' lang='grc' dir='ltr'><strong>φασὶ</strong></span> <span class='ocrx_word' id='word_1_74' title='bbox 1242 1641 1340 1704; x_wconf 74' lang='grc' dir='ltr'><strong>καὶ</strong></span> <span class='ocrx_word' id='word_1_75' title='bbox 1402 1641 1707 1722; x_wconf 74' lang='grc' dir='ltr'><em>Εὐριπίδην</em></span> <span class='ocrx_word' id='word_1_76' title='bbox 1760 1643 1919 1723; x_wconf 72' lang='grc' dir='ltr'><strong>αὐτῷ</strong></span> <span class='ocrx_word' id='word_1_77' title='bbox 1965 1617 2479 1716; x_wconf 40' lang='grc' dir='ltr'><strong>συνοικολουθῆσοιιῖ</strong></span> <span class='ocrx_word' id='word_1_78' title='bbox 2509 1693 2522 1707; x_wconf 94' lang='grc'><strong>.</strong></span> <span class='ocrx_word' id='word_1_79' title='bbox 2551 1691 2566 1706; x_wconf 94' lang='grc'><strong>.</strong></span> <span class='ocrx_word' id='word_1_80' title='bbox 2598 1691 2614 1706; x_wconf 92' lang='grc'><strong>.</strong></span> 
     </span>
     <span class='ocr_line' id='line_1_11' title="bbox 595 1737 2618 1842; baseline 0 -20"><span class='ocrx_word' id='word_1_81' title='bbox 595 1759 795 1835; x_wconf 68' lang='grc' dir='ltr'><em>διέγνω</em></span> <span class='ocrx_word' id='word_1_82' title='bbox 852 1759 919 1834; x_wconf 74' lang='grc' dir='ltr'><strong>δὴ</strong></span> <span class='ocrx_word' id='word_1_83' title='bbox 978 1760 1005 1823; x_wconf 81' lang='grc' dir='ltr'>ὅ</span> <span class='ocrx_word' id='word_1_84' title='bbox 1072 1737 1360 1823; x_wconf 33' lang='grc' dir='ltr'><em>Πλάτων’</em></span> <span class='ocrx_word' id='word_1_85' title='bbox 1402 1761 1499 1824; x_wconf 76' lang='grc' dir='ltr'><strong>κοιὶ</strong></span> <span class='ocrx_word' id='word_1_86' title='bbox 1561 1767 1679 1832; x_wconf 79' lang='grc' dir='ltr'><em>τοῖς</em></span> <span class='ocrx_word' id='word_1_87' title='bbox 1731 1759 1970 1836; x_wconf 67' lang='grc' dir='ltr'><em>Μάγοις</em></span> <span class='ocrx_word' id='word_1_88' title='bbox 2021 1759 2351 1842; x_wconf 71' lang='grc' dir='ltr'><em>συμμίξαι,</em></span> <span class='ocrx_word' id='word_1_89' title='bbox 2400 1760 2494 1824; x_wconf 68' lang='grc' dir='ltr'><strong>διὰ</strong></span> <span class='ocrx_word' id='word_1_90' title='bbox 2561 1759 2618 1822; x_wconf 79' lang='grc' dir='ltr'><strong>δὲ</strong></span> 
     </span>
     <span class='ocr_line' id='line_1_12' title="bbox 595 1878 2619 1956; baseline 0 -14"><span class='ocrx_word' id='word_1_91' title='bbox 595 1879 725 1949; x_wconf 78' lang='grc' dir='ltr'><em>τοὺς</em></span> <span class='ocrx_word' id='word_1_92' title='bbox 770 1887 875 1953; x_wconf 73' lang='grc' dir='ltr'><strong>τῆς</strong></span> <span class='ocrx_word' id='word_1_93' title='bbox 922 1879 1129 1950; x_wconf 59' lang='lat' dir='ltr'><strong>’Ao-loce</strong></span> <span class='ocrx_word' id='word_1_94' title='bbox 1176 1878 1465 1956; x_wconf 76' lang='grc' dir='ltr'><em>πολέμους</em></span> <span class='ocrx_word' id='word_1_95' title='bbox 1510 1878 1742 1954; x_wconf 65' lang='grc' dir='ltr'><em>ἐπέστη</em></span> <span class='ocrx_word' id='word_1_96' title='bbox 1770 1900 1784 1914; x_wconf 91' lang='grc'><em>·</em></span> <span class='ocrx_word' id='word_1_97' title='bbox 1826 1880 2146 1944; x_wconf 74' lang='grc' dir='ltr'><em>ἐπανελθὼν</em></span> <span class='ocrx_word' id='word_1_98' title='bbox 2185 1879 2233 1942; x_wconf 75' lang='grc' dir='ltr'><strong>δ’</strong></span> <span class='ocrx_word' id='word_1_99' title='bbox 2257 1880 2336 1950; x_wconf 81' lang='grc' dir='ltr'><strong>εἷς</strong></span> <span class='ocrx_word' id='word_1_100' title='bbox 2375 1879 2619 1953; x_wconf 72' lang='grc' dir='ltr'><em>Ἀθήνας</em></span> 
     </span>
     <span class='ocr_line' id='line_1_13' title="bbox 596 1995 2620 2081; baseline 0 -21"><span class='ocrx_word' id='word_1_101' title='bbox 596 1997 870 2076; x_wconf 78' lang='grc' dir='ltr'><em>διέτριβεν</em></span> <span class='ocrx_word' id='word_1_102' title='bbox 931 1997 987 2060; x_wconf 82' lang='grc' dir='ltr'><strong>ἕν</strong></span> <span class='ocrx_word' id='word_1_103' title='bbox 1049 1995 1402 2076; x_wconf 66' lang='grc' dir='ltr'><strong><em>Ἀκαδημίᾳ.</em></strong></span> <span class='ocrx_word' id='word_1_104' title='bbox 1498 1997 1803 2081; x_wconf 85' lang='lat' dir='ltr'><strong>Diogenes</strong></span> <span class='ocrx_word' id='word_1_105' title='bbox 1862 2005 2079 2061; x_wconf 89' lang='lat' dir='ltr'><strong>testem</strong></span> <span class='ocrx_word' id='word_1_106' title='bbox 2129 1997 2229 2061; x_wconf 89' lang='lat' dir='ltr'><strong>hic</strong></span> <span class='ocrx_word' id='word_1_107' title='bbox 2276 1997 2424 2061; x_wconf 86' lang='lat' dir='ltr'><strong>citat</strong></span> <span class='ocrx_word' id='word_1_108' title='bbox 2469 1996 2620 2060; x_wconf 89' lang='lat' dir='ltr'><strong>Her-</strong></span> 
     </span>
     <span class='ocr_line' id='line_1_14' title="bbox 598 2114 2614 2202; baseline 0.001 -24"><span class='ocrx_word' id='word_1_109' title='bbox 598 2115 918 2179; x_wconf 88' lang='lat' dir='ltr'>modorum</span> <span class='ocrx_word' id='word_1_110' title='bbox 935 2165 953 2193; x_wconf 96' lang='lat'><strong>,</strong></span> <span class='ocrx_word' id='word_1_111' title='bbox 1004 2114 1373 2200; x_wconf 89' lang='lat' dir='ltr'><strong>discipulum</strong></span> <span class='ocrx_word' id='word_1_112' title='bbox 1391 2166 1409 2193; x_wconf 89' lang='lat'><strong>,</strong></span> <span class='ocrx_word' id='word_1_113' title='bbox 1458 2122 1530 2180; x_wconf 91' lang='lat' dir='ltr'><strong>ut</strong></span> <span class='ocrx_word' id='word_1_114' title='bbox 1575 2117 1781 2180; x_wconf 85' lang='lat' dir='ltr'><strong>ferunt</strong></span> <span class='ocrx_word' id='word_1_115' title='bbox 1800 2167 1818 2195; x_wconf 96' lang='lat'><strong>,</strong></span> <span class='ocrx_word' id='word_1_116' title='bbox 1854 2117 2148 2180; x_wconf 72' lang='lat' dir='ltr'><strong>Platonis.</strong></span> <span class='ocrx_word' id='word_1_117' title='bbox 2179 2119 2226 2202; x_wconf 89' lang='lat' dir='ltr'><strong>l)</strong></span> <span class='ocrx_word' id='word_1_118' title='bbox 2281 2115 2380 2180; x_wconf 91' lang='lat' dir='ltr'><strong>Ne</strong></span> <span class='ocrx_word' id='word_1_119' title='bbox 2410 2125 2614 2180; x_wconf 84' lang='lat' dir='ltr'><strong>tamen</strong></span> 
     </span>
     <span class='ocr_line' id='line_1_15' title="bbox 599 2232 2614 2313; baseline 0 -17"><span class='ocrx_word' id='word_1_120' title='bbox 599 2232 913 2296; x_wconf 81' lang='lat' dir='ltr'><strong>credamus</strong></span> <span class='ocrx_word' id='word_1_121' title='bbox 963 2256 1203 2298; x_wconf 90' lang='lat' dir='ltr'><strong>omnem</strong></span> <span class='ocrx_word' id='word_1_122' title='bbox 1250 2234 1407 2298; x_wconf 87' lang='lat' dir='ltr'><strong>hanc</strong></span> <span class='ocrx_word' id='word_1_123' title='bbox 1453 2235 1810 2298; x_wconf 79' lang='lat' dir='ltr'><strong>relationem</strong></span> <span class='ocrx_word' id='word_1_124' title='bbox 1859 2235 2042 2298; x_wconf 86' lang='lat' dir='ltr'><strong>huius</strong></span> <span class='ocrx_word' id='word_1_125' title='bbox 2089 2235 2439 2298; x_wconf 87' lang='lat' dir='ltr'><strong>testimonio</strong></span> <span class='ocrx_word' id='word_1_126' title='bbox 2469 2235 2585 2298; x_wconf 90' lang='lat' dir='ltr'><strong>niti</strong></span> <span class='ocrx_word' id='word_1_127' title='bbox 2595 2261 2614 2313; x_wconf 81' lang='lat'>3</span> 
     </span>
     <span class='ocr_line' id='line_1_16' title="bbox 596 2350 2618 2437; baseline 0 -23"><span class='ocrx_word' id='word_1_128' title='bbox 596 2351 663 2414; x_wconf 90' lang='lat' dir='ltr'><strong>id</strong></span> <span class='ocrx_word' id='word_1_129' title='bbox 722 2350 819 2414; x_wconf 87' lang='lat' dir='ltr'><strong>vel</strong></span> <span class='ocrx_word' id='word_1_130' title='bbox 875 2373 944 2414; x_wconf 91' lang='lat' dir='ltr'><strong>eo</strong></span> <span class='ocrx_word' id='word_1_131' title='bbox 990 2351 1415 2436; x_wconf 81' lang='lat' dir='ltr'><strong>redarguitur,</strong></span> <span class='ocrx_word' id='word_1_132' title='bbox 1471 2352 1638 2436; x_wconf 92' lang='lat' dir='ltr'><strong>quod</strong></span> <span class='ocrx_word' id='word_1_133' title='bbox 1687 2361 1748 2416; x_wconf 86' lang='lat' dir='ltr'><strong>et</strong></span> <span class='ocrx_word' id='word_1_134' title='bbox 1792 2353 1858 2415; x_wconf 92' lang='lat' dir='ltr'><strong>in</strong></span> <span class='ocrx_word' id='word_1_135' title='bbox 1905 2352 2268 2437; x_wconf 82' lang='lat' dir='ltr'><strong>praegressis</strong></span> <span class='ocrx_word' id='word_1_136' title='bbox 2315 2360 2376 2416; x_wconf 88' lang='lat' dir='ltr'><strong>et</strong></span> <span class='ocrx_word' id='word_1_137' title='bbox 2422 2353 2486 2417; x_wconf 90' lang='lat' dir='ltr'><strong>in</strong></span> <span class='ocrx_word' id='word_1_138' title='bbox 2531 2375 2618 2416; x_wconf 85' lang='lat' dir='ltr'><strong>se-</strong></span> 
     </span>
     <span class='ocr_line' id='line_1_17' title="bbox 601 2469 2616 2556; baseline 0.001 -23"><span class='ocrx_word' id='word_1_139' title='bbox 601 2469 931 2553; x_wconf 88' lang='lat' dir='ltr'><strong>quentibus</strong></span> <span class='ocrx_word' id='word_1_140' title='bbox 965 2477 1222 2554; x_wconf 80' lang='lat' dir='ltr'><strong>usurpat</strong></span> <span class='ocrx_word' id='word_1_141' title='bbox 1251 2472 1456 2550; x_wconf 81' lang='grc' dir='ltr'><strong>φοιο-ίν.</strong></span> <span class='ocrx_word' id='word_1_142' title='bbox 1507 2470 1872 2534; x_wconf 74' lang='lat' dir='ltr'><strong>Hermodori</strong></span> <span class='ocrx_word' id='word_1_143' title='bbox 1903 2471 2322 2534; x_wconf 88' lang='lat' dir='ltr'><strong>testimonium</strong></span> <span class='ocrx_word' id='word_1_144' title='bbox 2346 2478 2616 2556; x_wconf 87' lang='lat' dir='ltr'><strong>spectare</strong></span> 
     </span>
     <span class='ocr_line' id='line_1_18' title="bbox 597 2587 2620 2674; baseline 0.001 -24"><span class='ocrx_word' id='word_1_145' title='bbox 597 2594 839 2652; x_wconf 86' lang='lat' dir='ltr'><strong>tantum</strong></span> <span class='ocrx_word' id='word_1_146' title='bbox 894 2587 1138 2651; x_wconf 83' lang='lat' dir='ltr'><strong>videt—ur</strong></span> <span class='ocrx_word' id='word_1_147' title='bbox 1184 2588 1261 2652; x_wconf 87' lang='lat' dir='ltr'><strong>ad</strong></span> <span class='ocrx_word' id='word_1_148' title='bbox 1308 2589 1742 2674; x_wconf 84' lang='lat' dir='ltr'><strong>profectionem</strong></span> <span class='ocrx_word' id='word_1_149' title='bbox 1788 2590 1855 2653; x_wconf 92' lang='lat' dir='ltr'><strong>in</strong></span> <span class='ocrx_word' id='word_1_150' title='bbox 1900 2589 2113 2653; x_wconf 87' lang='lat' dir='ltr'><strong>urbem</strong></span> <span class='ocrx_word' id='word_1_151' title='bbox 2160 2589 2443 2674; x_wconf 85' lang='lat' dir='ltr'><strong>Megara,</strong></span> <span class='ocrx_word' id='word_1_152' title='bbox 2485 2590 2620 2654; x_wconf 88' lang='lat' dir='ltr'><strong>reli-</strong></span> 
     </span>
     <span class='ocr_line' id='line_1_19' title="bbox 600 2707 2618 2793; baseline 0.001 -23"><span class='ocrx_word' id='word_1_153' title='bbox 600 2729 721 2790; x_wconf 89' lang='lat' dir='ltr'><strong>qua</strong></span> <span class='ocrx_word' id='word_1_154' title='bbox 782 2715 855 2770; x_wconf 88' lang='lat' dir='ltr'><strong>ut</strong></span> <span class='ocrx_word' id='word_1_155' title='bbox 898 2707 1065 2770; x_wconf 85' lang='lat' dir='ltr'><strong>fama</strong></span> <span class='ocrx_word' id='word_1_156' title='bbox 1108 2707 1350 2790; x_wconf 88' lang='lat' dir='ltr'><strong>prodita</strong></span> <span class='ocrx_word' id='word_1_157' title='bbox 1393 2708 1760 2771; x_wconf 82' lang='lat' dir='ltr'><strong>referuntur.</strong></span> <span class='ocrx_word' id='word_1_158' title='bbox 1871 2708 2156 2772; x_wconf 84' lang='lat' dir='ltr'><strong>Ceterum</strong></span> <span class='ocrx_word' id='word_1_159' title='bbox 2205 2721 2268 2772; x_wconf 88' lang='lat' dir='ltr'><strong>et</strong></span> <span class='ocrx_word' id='word_1_160' title='bbox 2316 2709 2618 2793; x_wconf 85' lang='lat' dir='ltr'><strong>Apuleius</strong></span> 
     </span>
     <span class='ocr_line' id='line_1_20' title="bbox 599 2824 2618 2912; baseline 0.001 -23"><span class='ocrx_word' id='word_1_161' title='bbox 599 2829 673 2909; x_wconf 86' lang='lat' dir='ltr'><strong>(c.</strong></span> <span class='ocrx_word' id='word_1_162' title='bbox 740 2827 805 2909; x_wconf 74' lang='lat'><strong>4)</strong></span> <span class='ocrx_word' id='word_1_163' title='bbox 870 2833 931 2888; x_wconf 88' lang='lat' dir='ltr'><strong>et</strong></span> <span class='ocrx_word' id='word_1_164' title='bbox 990 2824 1271 2888; x_wconf 70' lang='lat' dir='ltr'><strong>Laertius</strong></span> <span class='ocrx_word' id='word_1_165' title='bbox 1329 2827 1381 2910; x_wconf 60' lang='grc' dir='ltr'><strong>(ξ</strong></span> <span class='ocrx_word' id='word_1_166' title='bbox 1448 2828 1552 2910; x_wconf 90' lang='grc'><strong>18)</strong></span> <span class='ocrx_word' id='word_1_167' title='bbox 1591 2826 1810 2890; x_wconf 87' lang='lat' dir='ltr'><strong>itinera</strong></span> <span class='ocrx_word' id='word_1_168' title='bbox 1854 2827 1920 2890; x_wconf 89' lang='lat' dir='ltr'><strong>in</strong></span> <span class='ocrx_word' id='word_1_169' title='bbox 1967 2825 2231 2891; x_wconf 91' lang='lat' dir='ltr'><strong>Siciliam</strong></span> <span class='ocrx_word' id='word_1_170' title='bbox 2295 2829 2618 2912; x_wconf 87' lang='lat' dir='ltr'><strong>separatim</strong></span> 
     </span>
     <span class='ocr_line' id='line_1_21' title="bbox 598 2924 2620 3031; baseline 0.002 -25"><span class='ocrx_word' id='word_1_171' title='bbox 598 2968 634 3007; x_wconf 91' lang='lat' dir='ltr'><strong>a</strong></span> <span class='ocrx_word' id='word_1_172' title='bbox 703 2943 952 3027; x_wconf 88' lang='lat' dir='ltr'><strong>reliquis</strong></span> <span class='ocrx_word' id='word_1_173' title='bbox 1020 2945 1342 3008; x_wconf 83' lang='lat' dir='ltr'><strong>itineribus</strong></span> <span class='ocrx_word' id='word_1_174' title='bbox 1411 2953 1784 3023; x_wconf 87' lang='lat' dir='ltr'><strong>memorant,</strong></span> <span class='ocrx_word' id='word_1_175' title='bbox 1863 2924 2021 3010; x_wconf 17' lang='lat' dir='ltr'><strong>non*</strong></span> <span class='ocrx_word' id='word_1_176' title='bbox 2063 2946 2410 3010; x_wconf 87' lang='lat' dir='ltr'><strong>indicantes</strong></span> <span class='ocrx_word' id='word_1_177' title='bbox 2499 2970 2620 3031; x_wconf 94' lang='lat' dir='ltr'><strong>quo</strong></span> 
     </span>
     <span class='ocr_line' id='line_1_22' title="bbox 598 3062 2620 3129; baseline 0.002 -4"><span class='ocrx_word' id='word_1_178' title='bbox 598 3062 779 3125; x_wconf 90' lang='lat' dir='ltr'><strong>modo</strong></span> <span class='ocrx_word' id='word_1_179' title='bbox 841 3063 989 3126; x_wconf 87' lang='lat' dir='ltr'><strong>haec</strong></span> <span class='ocrx_word' id='word_1_180' title='bbox 1052 3085 1189 3127; x_wconf 91' lang='lat' dir='ltr'><strong>cum</strong></span> <span class='ocrx_word' id='word_1_181' title='bbox 1246 3063 1368 3126; x_wconf 88' lang='lat' dir='ltr'><strong>illis</strong></span> <span class='ocrx_word' id='word_1_182' title='bbox 1432 3063 1812 3128; x_wconf 86' lang='lat' dir='ltr'><strong>cohaereant.</strong></span> <span class='ocrx_word' id='word_1_183' title='bbox 1905 3063 1984 3127; x_wconf 90' lang='lat' dir='ltr'><strong>In</strong></span> <span class='ocrx_word' id='word_1_184' title='bbox 2049 3063 2370 3128; x_wconf 87' lang='lat' dir='ltr'><strong>amborum</strong></span> <span class='ocrx_word' id='word_1_185' title='bbox 2415 3073 2620 3129; x_wconf 88' lang='lat' dir='ltr'><strong>autem</strong></span> 
     </span>
     <span class='ocr_line' id='line_1_23' title="bbox 598 3182 2623 3268; baseline 0.001 -22"><span class='ocrx_word' id='word_1_186' title='bbox 598 3182 945 3246; x_wconf 86' lang='lat' dir='ltr'><strong>narratione</strong></span> <span class='ocrx_word' id='word_1_187' title='bbox 1007 3182 1165 3244; x_wconf 88' lang='lat' dir='ltr'><strong>inest</strong></span> <span class='ocrx_word' id='word_1_188' title='bbox 1233 3182 1441 3266; x_wconf 89' lang='lat' dir='ltr'><strong>aliqua</strong></span> <span class='ocrx_word' id='word_1_189' title='bbox 1517 3182 1942 3268; x_wconf 83' lang='lat' dir='ltr'><strong>discrepantia.</strong></span> <span class='ocrx_word' id='word_1_190' title='bbox 2033 3182 2384 3248; x_wconf 88' lang='lat' dir='ltr'><strong>Secundum</strong></span> <span class='ocrx_word' id='word_1_191' title='bbox 2437 3183 2623 3248; x_wconf 69' lang='lat' dir='ltr'><strong>Laer-</strong></span> 
     </span>
     <span class='ocr_line' id='line_1_24' title="bbox 597 3291 2620 3386; baseline 0.001 -22"><span class='ocrx_word' id='word_1_192' title='bbox 597 3301 755 3364; x_wconf 86' lang='lat' dir='ltr'><strong>tium</strong></span> <span class='ocrx_word' id='word_1_193' title='bbox 818 3300 993 3364; x_wconf 87' lang='lat' dir='ltr'><strong>Plato</strong></span> <span class='ocrx_word' id='word_1_194' title='bbox 1056 3301 1315 3365; x_wconf 87' lang='lat' dir='ltr'><strong>Athenis</strong></span> <span class='ocrx_word' id='word_1_195' title='bbox 1379 3324 1441 3365; x_wconf 88' lang='lat' dir='ltr'><strong>se</strong></span> <span class='ocrx_word' id='word_1_196' title='bbox 1489 3301 1754 3366; x_wconf 90' lang='lat' dir='ltr'><strong>contulit</strong></span> <span class='ocrx_word' id='word_1_197' title='bbox 1816 3301 2080 3386; x_wconf 89' lang='lat' dir='ltr'><strong>primum</strong></span> <span class='ocrx_word' id='word_1_198' title='bbox 2142 3291 2428 3386; x_wconf 86' lang='lat' dir='ltr'><strong>Megara,</strong></span> <span class='ocrx_word' id='word_1_199' title='bbox 2485 3311 2620 3367; x_wconf 86' lang='lat' dir='ltr'><strong>tum</strong></span> 
     </span>
     <span class='ocr_line' id='line_1_25' title="bbox 600 3418 2622 3505; baseline 0.001 -23"><span class='ocrx_word' id='word_1_200' title='bbox 600 3419 908 3504; x_wconf 86' lang='lat' dir='ltr'><strong>Cyrenen,</strong></span> <span class='ocrx_word' id='word_1_201' title='bbox 953 3419 1096 3482; x_wconf 89' lang='lat' dir='ltr'><strong>inde</strong></span> <span class='ocrx_word' id='word_1_202' title='bbox 1124 3419 1189 3482; x_wconf 90' lang='lat' dir='ltr'><strong>in</strong></span> <span class='ocrx_word' id='word_1_203' title='bbox 1220 3418 1497 3498; x_wconf 91' lang='lat' dir='ltr'><strong>Italiam,</strong></span> <span class='ocrx_word' id='word_1_204' title='bbox 1534 3427 1837 3505; x_wconf 88' lang='lat' dir='ltr'><strong>postremo</strong></span> <span class='ocrx_word' id='word_1_205' title='bbox 1869 3420 1936 3483; x_wconf 92' lang='lat' dir='ltr'><strong>in</strong></span> <span class='ocrx_word' id='word_1_206' title='bbox 1968 3420 2338 3504; x_wconf 86' lang='lat' dir='ltr'><strong>Aegyptum.</strong></span> <span class='ocrx_word' id='word_1_207' title='bbox 2395 3419 2622 3484; x_wconf 83' lang='lat' dir='ltr'><strong>Secun-</strong></span> 
     </span>
     <span class='ocr_line' id='line_1_26' title="bbox 598 3537 2617 3623; baseline 0.001 -22"><span class='ocrx_word' id='word_1_208' title='bbox 598 3538 747 3601; x_wconf 88' lang='lat' dir='ltr'><strong>dum</strong></span> <span class='ocrx_word' id='word_1_209' title='bbox 802 3537 1165 3622; x_wconf 86' lang='lat' dir='ltr'><strong>Apuleium,</strong></span> <span class='ocrx_word' id='word_1_210' title='bbox 1214 3538 1322 3623; x_wconf 88' lang='lat' dir='ltr'><strong>qui</strong></span> <span class='ocrx_word' id='word_1_211' title='bbox 1368 3538 1621 3623; x_wconf 88' lang='lat' dir='ltr'><strong>Megara</strong></span> <span class='ocrx_word' id='word_1_212' title='bbox 1665 3561 1790 3603; x_wconf 90' lang='lat' dir='ltr'><strong>non</strong></span> <span class='ocrx_word' id='word_1_213' title='bbox 1820 3546 2143 3616; x_wconf 89' lang='lat' dir='ltr'><strong>memorat,</strong></span> <span class='ocrx_word' id='word_1_214' title='bbox 2172 3539 2439 3622; x_wconf 92' lang='lat' dir='ltr'><strong>primum</strong></span> <span class='ocrx_word' id='word_1_215' title='bbox 2465 3540 2617 3604; x_wconf 84' lang='lat' dir='ltr'><strong>adiit</strong></span> 
     </span>
     <span class='ocr_line' id='line_1_27' title="bbox 597 3655 2619 3743; baseline 0.001 -22"><span class='ocrx_word' id='word_1_216' title='bbox 597 3656 875 3732; x_wconf 87' lang='lat' dir='ltr'><strong>Italiam,</strong></span> <span class='ocrx_word' id='word_1_217' title='bbox 925 3655 1145 3720; x_wconf 87' lang='lat' dir='ltr'><strong>deinde</strong></span> <span class='ocrx_word' id='word_1_218' title='bbox 1190 3655 1468 3742; x_wconf 88' lang='lat' dir='ltr'><strong>Cyrenen</strong></span> <span class='ocrx_word' id='word_1_219' title='bbox 1514 3664 1576 3722; x_wconf 90' lang='lat' dir='ltr'><strong>et</strong></span> <span class='ocrx_word' id='word_1_220' title='bbox 1621 3659 2006 3743; x_wconf 79' lang='lat' dir='ltr'><strong>Aegyptum,</strong></span> <span class='ocrx_word' id='word_1_221' title='bbox 2051 3665 2356 3742; x_wconf 88' lang='lat' dir='ltr'><strong>postremo</strong></span> <span class='ocrx_word' id='word_1_222' title='bbox 2396 3659 2619 3723; x_wconf 89' lang='lat' dir='ltr'><strong>iterum</strong></span> 
     </span>
    </p>
   </div>
   <div class='ocr_carea' id='block_1_2' title="bbox 595 3773 2648 3904">
    <p class='ocr_par' dir='ltr' id='par_1_3' title="bbox 595 3773 2648 3904">
     <span class='ocr_line' id='line_1_28' title="bbox 595 3773 2648 3904; baseline -0 -64"><span class='ocrx_word' id='word_1_223' title='bbox 595 3775 859 3840; x_wconf 86' lang='lat' dir='ltr'><strong>Italiam.</strong></span> <span class='ocrx_word' id='word_1_224' title='bbox 951 3773 1257 3904; x_wconf 63' lang='lat' dir='ltr'><strong>Diogenps</strong></span> <span class='ocrx_word' id='word_1_225' title='bbox 1304 3777 1421 3841; x_wconf 86' lang='lat' dir='ltr'><strong>etsi</strong></span> <span class='ocrx_word' id='word_1_226' title='bbox 1465 3777 1726 3842; x_wconf 86' lang='lat' dir='ltr'><strong>alterum</strong></span> <span class='ocrx_word' id='word_1_227' title='bbox 1778 3777 1894 3841; x_wconf 90' lang='lat' dir='ltr'><strong>iter</strong></span> <span class='ocrx_word' id='word_1_228' title='bbox 1938 3777 2004 3840; x_wconf 89' lang='lat' dir='ltr'><strong>in</strong></span> <span class='ocrx_word' id='word_1_229' title='bbox 2048 3776 2296 3846; x_wconf 89' lang='lat' dir='ltr'><strong>Italiam</strong></span> <span class='ocrx_word' id='word_1_230' title='bbox 2346 3800 2471 3841; x_wconf 91' lang='lat' dir='ltr'><strong>non</strong></span> <span class='ocrx_word' id='word_1_231' title='bbox 2501 3799 2648 3841; x_wconf 87' lang='lat' dir='ltr'><strong>me-.</strong></span> 
     </span>
    </p>
   </div>
   <div class='ocr_carea' id='block_1_3' title="bbox 668 3988 2616 4056">
    <p class='ocr_par' dir='ltr' id='par_1_4' title="bbox 668 3988 2616 4056">
     <span class='ocr_line' id='line_1_29' title="bbox 668 3988 2616 4056; baseline -0.001 -19"><span class='ocrx_word' id='word_1_232' title='bbox 668 3990 718 4048; x_wconf 94' lang='grc'><strong>1)</strong></span> <span class='ocrx_word' id='word_1_233' title='bbox 754 3988 1025 4052; x_wconf 80' lang='lat' dir='ltr'><strong>Simplicius</strong></span> <span class='ocrx_word' id='word_1_234' title='bbox 1072 3988 1131 4037; x_wconf 89' lang='lat' dir='ltr'><strong>ad</strong></span> <span class='ocrx_word' id='word_1_235' title='bbox 1177 3988 1380 4038; x_wconf 86' lang='lat' dir='ltr'><strong>Aristot.</strong></span> <span class='ocrx_word' id='word_1_236' title='bbox 1432 3989 1623 4053; x_wconf 86' lang='lat' dir='ltr'><strong>Physic.</strong></span> <span class='ocrx_word' id='word_1_237' title='bbox 1670 3989 1753 4038; x_wconf 90' lang='lat' dir='ltr'><strong>lib.</strong></span> <span class='ocrx_word' id='word_1_238' title='bbox 1782 3990 1830 4049; x_wconf 89' lang='lat' dir='ltr'><strong>I,</strong></span> <span class='ocrx_word' id='word_1_239' title='bbox 1868 4005 1914 4054; x_wconf 88' lang='lat' dir='ltr'><strong>p.</strong></span> <span class='ocrx_word' id='word_1_240' title='bbox 1935 3991 2032 4037; x_wconf 84' lang='lat'><strong>344</strong></span> <span class='ocrx_word' id='word_1_241' title='bbox 2066 3988 2268 4038; x_wconf 85' lang='lat' dir='ltr'><strong>Brand.:</strong></span> <span class='ocrx_word' id='word_1_242' title='bbox 2305 3991 2328 4039; x_wconf 82' lang='grc' dir='ltr'><strong>ὁ</strong></span> <span class='ocrx_word' id='word_1_243' title='bbox 2364 3988 2616 4056; x_wconf 81' lang='grc' dir='ltr'><em>Πορφύριος</em></span> 
     </span>
    </p>
   </div>
   <div class='ocr_carea' id='block_1_4' title="bbox 602 3909 986 3922">
    <p class='ocr_par' dir='ltr' id='par_1_5' title="bbox 602 3909 986 3922">
     <span class='ocr_line' id='line_1_30' title="bbox 602 3909 986 3922; baseline 0 1162"><span class='ocrx_word' id='word_1_244' title='bbox 602 3909 986 3922; x_wconf 95' lang='lat' dir='ltr'><strong> </strong></span> 
     </span>
    </p>
   </div>
   <div class='ocr_carea' id='block_1_5' title="bbox 568 4083 2614 4334">
    <p class='ocr_par' dir='ltr' id='par_1_6' title="bbox 568 4083 2614 4334">
     <span class='ocr_line' id='line_1_31' title="bbox 602 4083 2614 4154; baseline -0.002 -19"><span class='ocrx_word' id='word_1_245' title='bbox 602 4090 776 4153; x_wconf 79' lang='grc' dir='ltr'><em>ἱστορεῖ</em></span> <span class='ocrx_word' id='word_1_246' title='bbox 808 4088 883 4135; x_wconf 83' lang='grc' dir='ltr'><strong>τὸν</strong></span> <span class='ocrx_word' id='word_1_247' title='bbox 914 4085 1202 4153; x_wconf 79' lang='grc' dir='ltr'><em>Δερκυλλίδην</em></span> <span class='ocrx_word' id='word_1_248' title='bbox 1220 4120 1231 4133; x_wconf 93' lang='grc'><strong>.</strong></span> <span class='ocrx_word' id='word_1_249' title='bbox 1252 4121 1263 4134; x_wconf 94' lang='grc'><strong>.</strong></span> <span class='ocrx_word' id='word_1_250' title='bbox 1285 4121 1297 4134; x_wconf 89' lang='grc'><strong>.</strong></span> <span class='ocrx_word' id='word_1_251' title='bbox 1362 4083 1722 4154; x_wconf 74' lang='grc' dir='ltr'><strong>Ἑρμοδώρου</strong></span> <span class='ocrx_word' id='word_1_252' title='bbox 1753 4091 1848 4136; x_wconf 78' lang='grc' dir='ltr'><strong>τοῦ</strong></span> <span class='ocrx_word' id='word_1_253' title='bbox 1881 4089 2176 4142; x_wconf 78' lang='grc' dir='ltr'><strong>Πλάτωνος</strong></span> <span class='ocrx_word' id='word_1_254' title='bbox 2219 4087 2454 4152; x_wconf 80' lang='grc' dir='ltr'><em>ἑταιροῦ</em></span> <span class='ocrx_word' id='word_1_255' title='bbox 2496 4085 2614 4140; x_wconf 75' lang='grc' dir='ltr'><em>λέξιν</em></span> 
     </span>
     <span class='ocr_line' id='line_1_32' title="bbox 568 4177 2614 4249; baseline -0.002 -19"><span class='ocrx_word' id='word_1_256' title='bbox 568 4228 572 4238; x_wconf 74' lang='grc'>,</span> <span class='ocrx_word' id='word_1_257' title='bbox 602 4184 923 4249; x_wconf 75' lang='grc' dir='ltr'><em>παραγράφειν</em></span> <span class='ocrx_word' id='word_1_258' title='bbox 956 4183 1047 4231; x_wconf 78' lang='grc' dir='ltr'><strong>κτὲ.</strong></span> <span class='ocrx_word' id='word_1_259' title='bbox 1119 4180 1196 4228; x_wconf 84' lang='lat' dir='ltr'><strong>cf.</strong></span> <span class='ocrx_word' id='word_1_260' title='bbox 1231 4180 1397 4229; x_wconf 87' lang='lat' dir='ltr'><strong>Suidas</strong></span> <span class='ocrx_word' id='word_1_261' title='bbox 1430 4180 1481 4228; x_wconf 88' lang='lat' dir='ltr'><strong>in</strong></span> <span class='ocrx_word' id='word_1_262' title='bbox 1518 4197 1561 4230; x_wconf 86' lang='lat' dir='ltr'><strong>v.</strong></span> <span class='ocrx_word' id='word_1_263' title='bbox 1581 4185 1769 4245; x_wconf 74' lang='grc' dir='ltr'><strong>λόγοισιν</strong></span> <span class='ocrx_word' id='word_1_264' title='bbox 1795 4179 2096 4249; x_wconf 73' lang='grc' dir='ltr'><strong>Ἑρμόδωρος.</strong></span> <span class='ocrx_word' id='word_1_265' title='bbox 2133 4179 2234 4228; x_wconf 83' lang='lat' dir='ltr'><strong>Cic.</strong></span> <span class='ocrx_word' id='word_1_266' title='bbox 2254 4180 2405 4244; x_wconf 83' lang='lat' dir='ltr'><strong>Epist.</strong></span> <span class='ocrx_word' id='word_1_267' title='bbox 2429 4177 2490 4226; x_wconf 83' lang='lat' dir='ltr'><strong>ad</strong></span> <span class='ocrx_word' id='word_1_268' title='bbox 2508 4179 2614 4226; x_wconf 82' lang='lat' dir='ltr'><strong>Att.</strong></span> 
     </span>
     <span class='ocr_line' id='line_1_33' title="bbox 606 4275 1718 4334; baseline 0.001 -11"><span class='ocrx_word' id='word_1_269' title='bbox 606 4275 725 4324; x_wconf 90' lang='lat' dir='ltr'>XIII</span> <span class='ocrx_word' id='word_1_270' title='bbox 738 4312 753 4334; x_wconf 94' lang='lat'>‚</span> <span class='ocrx_word' id='word_1_271' title='bbox 792 4275 870 4326; x_wconf 81' lang='lat'><strong>21.</strong></span> <span class='ocrx_word' id='word_1_272' title='bbox 1716 4290 1718 4292; x_wconf 77' lang='grc'>’</span> 
     </span>
    </p>
   </div>
   <div class='ocr_carea' id='block_1_6' title="bbox 3079 723 3083 2160">
    <p class='ocr_par' dir='ltr' id='par_1_7' title="bbox 3079 723 3083 2160">
     <span class='ocr_line' id='line_1_34' title="bbox 3079 723 3083 2160; baseline 0 0"><span class='ocrx_word' id='word_1_273' title='bbox 3079 723 3083 2160; x_wconf 95' lang='lat' dir='ltr'><strong> </strong></span> 
     </span>
    </p>
   </div>
   <div class='ocr_carea' id='block_1_7' title="bbox 3080 2501 3081 3274">
    <p class='ocr_par' dir='ltr' id='par_1_8' title="bbox 3080 2501 3081 3274">
     <span class='ocr_line' id='line_1_35' title="bbox 3080 2501 3081 3274; baseline 0 0"><span class='ocrx_word' id='word_1_274' title='bbox 3080 2501 3081 3274; x_wconf 95' lang='lat' dir='ltr'><strong> </strong></span> 
     </span>
    </p>
   </div>
  </div>
 </body>
</html>
