3092 5084
1385 533 1423 595 3

407 739 565 805 nulli
625 741 702 805 ob
749 740 996 826 aliquod
1045 762 1294 804 arcanae
1341 739 1507 822 quod
1552 739 1639 803 ibi
1684 739 1905 823 legitur
1950 740 2280 823 sapientiae
2328 741 2405 803 ef-

407 859 602 923 fatum
649 881 684 922 a
729 857 1076 922 Christiano
1122 857 1366 921 homine
1412 857 1731 920 confictam
1771 864 2085 943 putarunt.
2134 856 2406 922 Similem

405 977 484 1041 ob
517 1000 758 1041 causam
799 975 1083 1062 Menagio
1117 984 1400 1062 suspecta
1429 975 1551 1040 fuit
1580 974 1857 1061 Epistola
1885 975 1998 1039 VI.
2047 974 2179 1042 Hos
2210 974 2407 1039 redar-

405 1119 589 1180 guere
649 1096 914 1181 aggressi
959 1102 1104 1160 sunt
1147 1093 1462 1158 Bentleius
1508 1101 1571 1157 et
1614 1093 2057 1178 Wesselingius
2072 1144 2091 1172 ,
2148 1116 2405 1178 quorum

404 1214 509 1277 ille
523 1264 542 1293 ,
591 1215 698 1299 qui
727 1212 1095 1292 Phalaridis,
1137 1185 1282 1277 item
1313 1211 1758 1276 Socraticorum
1790 1212 2073 1297 epistolas
2114 1233 2410 1276 commen-

401 1333 577 1397 ticias
622 1356 750 1396 esse
796 1332 1093 1412 ostendit,
1150 1333 1306 1396 hanc
1352 1353 1535 1416 quam
1580 1330 1763 1394 modo
1807 1330 2113 1395 nominavi
2160 1337 2410 1394 ceteras-

405 1474 528 1534 que
587 1451 871 1536 epistolas
932 1452 1174 1516 Platoni
1230 1451 1613 1536 adscriptaS,=
1657 1456 1871 1534 utpote
1917 1451 2407 1534 gravissimorum

406 1577 726 1633 auctorum
741 1620 760 1648 ,
809 1569 1145 1648 CiceroniS,
1189 1569 1532 1646 Plutarchi,
1567 1568 1795 1632 Laertii
1826 1575 1889 1631 et
1918 1574 2013 1631 tot
2042 1569 2406 1653 scriptorum

405 1696 678 1753 veterum
745 1689 1108 1754 testimoniis
1170 1689 1433 1752 munitas
1450 1736 1468 1765 ,
1531 1709 1847 1772 germanos
1908 1687 2220 1751 habendos
2276 1711 2403 1752 esse

405 1808 680 1873 Platonis
726 1809 886 1873 fetus
933 1808 1222 1872 affirmare
1265 1830 1388 1872 non
1435 1806 1756 1871 dubitavit.
1787 1809 1833 1890 ¹)

496 1927 614 1991 Sed
660 1950 851 2011 quum
896 1927 1335 1992 socraticarum
1391 1927 1786 2012 epistolarum
1830 1925 1978 1989 fides
2025 1925 2209 1989 semel
2253 1931 2409 1988 esset

405 2044 699 2109 convulsa
743 2044 1047 2130 simulque
1092 2052 1403 2109 ostensum
1449 2051 1637 2122 esset,
1683 2052 1886 2109 totum
1913 2042 2071 2107 illud
2104 2043 2409 2108 scribendi

405 2185 602 2246 genus
649 2187 688 2242 a·
728 2163 1030 2228 veteribus
1076 2164 1421 2248 neglectum
1438 2213 1456 2241 ,
1503 2169 1645 2248 post
1686 2162 2016 2226 Alexandri
2060 2162 2274 2246 Magni
2312 2163 2409 2226 de-

405 2304 578 2345 mum
621 2289 894 2367 tempora
939 2282 1272 2346 studiosius
1301 2283 1546 2346 tractari
1580 2289 1640 2345 et
1670 2283 1734 2345 in
1771 2282 2081 2345 rhetorum
2112 2291 2180 2346 'ac
2212 2281 2409 2366 sophi-

405 2409 640 2465 starum
685 2400 907 2464 scholis
953 2401 1234 2485 usurpari
1281 2407 1563 2486 coeptum
1610 2423 1766 2479 esse,
1792 2402 1843 2484 2)
1871 2423 1995 2464 non
2028 2401 2405 2478 mirandum,

405 2520 461 2582 si
522 2517 828 2582 Ciceronis
890 2519 1216 2582 auctoritas
1277 2517 1546 2582 sufficere
1592 2540 1717 2581 non
1770 2519 1974 2603 potuit
2018 2519 2094 2582 ad
2140 2518 2405 2582 Platoni-

409 2659 620 2702 carum
667 2636 1059 2722 epistolarum
1104 2636 1283 2700 fidem
1329 2635 1641 2700 tuendam.

477 2883 525 2944 1)
556 2881 891 2945 wesselingius
934 2881 983 2930 in
1015 2881 1170 2946 Epist.
1204 2867 1261 2930 aa
1295 2881 1582 2940 Venemam,
1632 2879 1759 2942 rmj.
1795 2878 1942 2931 1748.
1974 2895 2022 2944 p.
2058 2879 2269 2928 30—46.
2327 2880 2406 2930 cf.

407 2977 736 3026 Westermann
771 2976 824 3027 ll.
857 2992 905 3041 p.
943 2979 970 3025 5
1003 2980 1052 3026 et
1085 2976 1132 3026 6.

476 3072 527 3133 2)
561 3072 615 3121 Id
642 3071 742 3134 jam
774 3072 938 3121 docuit
971 3072 1212 3130 Olearius,
1245 3071 1318 3120 De
1351 3071 1538 3135 scriptis
1573 3069 1777 3119 Socratis
1811 3074 1977 3118 contra
2010 3068 2240 3118 Allatium
2280 3070 2413 3118 sche-

406 3167 586 3216 diasma
629 3167 879 3230 (insertum
933 3167 981 3216 in
1032 3167 1226 3217 Stanleii
1277 3166 1404 3216 Hist.
1454 3166 1571 3230 phil.
1622 3182 1669 3230 p.
1716 3165 1974 3214 198—209
2026 3169 2074 3213 et
2124 3164 2173 3212 in
2224 3165 2408 3213 Socrat.

409 3259 531 3329 Epp.
581 3263 654 3313 ed.
705 3263 853 3314 Orell.
886 3278 933 3327 p.
973 3263 1067 3313 885
1118 3265 1256 3327 sqq.).
1323 3263 1440 3326 Ejus
1489 3261 1634 3311 verba
1683 3265 1747 3326 (p.
1786 3260 1905 3321 403)
1957 3260 2071 3309 haec
2104 3264 2248 3308 sunt:
2285 3259 2410 3318 „Ve-

407 3374 542 3416 rum,
586 3361 642 3407 ut
683 3358 809 3422 quod
851 3374 926 3407 res
969 3363 1040 3408 est
1087 3358 1268 3416 dicam,
1316 3357 1537 3406 videntur
1582 3355 1700 3405 mibi
1746 3355 1973 3419 epistolae
2015 3355 2125 3404 illae
2160 3369 2213 3403 ex
2250 3369 2410 3403 earum

409 3469 578 3518 genere
611 3470 735 3513 esse,
769 3470 887 3519 quae
920 3453 1096 3518 aliquid
1131 3469 1239 3502 cum
1271 3455 1488 3519 μελέταις
1532 3451 1862 3516 Sophistarum
1907 3451 2132 3500 habentes
2173 3450 2413 3514 cognatio-

411 3550 509 3609 nis,
567 3550 789 3610 exercitii,
835 3550 990 3614 gratia
1037 3550 1096 3599 ab
1147 3549 1204 3600 iis
1252 3554 1495 3607 exaratae,
1552 3547 1798 3612 discipulis
1842 3563 2007 3597 eorum
2057 3546 2258 3611 exempli
2308 3547 2412 3595 loco

409 3646 813 3712 proponebantur.
891 3645 970 3694 Sic
1019 3645 1427 3710 Theophylactum
1478 3645 1679 3692 Graecas
1735 3643 1957 3707 quasdam
2010 3643 2234 3708 epistolas
2292 3658 2415 3691 com-

409 3743 627 3790 mentum
660 3740 802 3790 fuisse
836 3741 1068 3790 novimus.
1135 3739 1272 3790 Tales
1313 3742 1426 3789 sunt
1470 3739 1665 3788 omnino
1698 3738 1962 3787 Phalaridis
1993 3737 2261 3802 Epistulae,
2299 3737 2415 3786 tales

413 3836 663 3896 Cleobuli,
707 3833 972 3896 Pisistrati,
1023 3835 1210 3886 Solonis
1255 3841 1302 3886 et
1348 3836 1466 3886 aliae
1499 3836 1727 3901 quaedam
1762 3835 1885 3900 apud
1918 3834 2184 3894 Iaaiirtium,
2221 3839 2273 3884 ut
2307 3851 2415 3900 pro-

413 3931 507 3982 lixe
551 3931 794 3982 ostendere
838 3947 1050 3997 possem,
1093 3932 1135 3982 si
1178 3932 1268 3981 ista
1303 3932 1392 3981 hoc
1426 3932 1532 3981 loco
1567 3929 1868 3996 agerentur.”
1932 3931 2064 3996 Quae
2098 3931 2260 3980 Astius
2290 3931 2416 3980 hunc

413 4027 573 4077 locum
606 4028 870 4078 describens
901 4044 948 4093 p.
985 4029 1079 4078 505
1115 4028 1302 4092 adjicit:
1350 4027 1518 4088 „Tales
1562 4043 1747 4093 quoque
1781 4027 1998 4076 existimo
2032 4042 2132 4076 esse
2165 4036 2268 4077 tum
2302 4027 2417 4076 alias

417 4122 666 4172 nonnullas
716 4123 908 4172 Platoni
957 4124 1236 4188 inscriptas,
1287 4127 1390 4172 tum
1440 4127 1646 4187 quatuor
1694 4121 1799 4171 illas
1850 4136 1968 4184 quae
2011 4119 2060 4169 in
2095 4122 2417 4186 manuscripto

417 4218 707 4268 Barocciano
756 4217 1149 4268 celebratissimae
1199 4218 1481 4267 Bodleianae
1533 4217 1860 4266 Bibliothecae
1912 4217 2026 4266 olim
2074 4234 2098 4266 a
2134 4233 2210 4266 me
2244 4217 2417 4266 Oxonii

417 4314 637 4363 inventae
671 4314 863 4363 fuerunt
878 4295 936 4362 ='’⁴
956 4313 1069 4362 baec
1103 4314 1151 4362 in
1188 4314 1363 4364 Olearii
1397 4313 1567 4363 Sched.
1600 4313 1713 4362 edit.
1748 4329 1842 4362 non
1878 4312 2117 4376 leguntur.

2096 4406 2183 4466 10
