3092 5084
1299 484 1374 547 ⁷7

334 688 733 755 ἀναπτέσθαι·
786 690 813 754 ὂ
875 688 933 754 δὲ
992 687 1327 772 (Διονύσιος)
1390 688 1904 769 διαμηχανώμενος
1964 692 2097 755 τίνα
2138 689 2342 769 τρόπον

334 809 679 887 ἀνασοβήσοι
727 833 806 886 με
845 809 1019 886 μηδὲν
1064 807 1310 879 ἀποδοὺς
1355 814 1467 872 τῶν
1512 808 1739 879 Δίωνος.

418 927 633 1013 Imago
694 928 818 992 avis
878 928 944 991 in
1006 948 1187 991 cavea
1247 926 1517 991 inclusae
1585 949 1733 991 num
1781 926 1881 991 hic
1925 949 2216 1012 personae
2263 926 2344 990 sit

334 1045 478 1110 satis
538 1046 901 1110 conveniens
948 1045 1185 1109 dubito.
1275 1045 1479 1110 Petita
1523 1053 1616 1109 est
1663 1068 1694 1109 e
1739 1045 2052 1122 PhaedrO,
2101 1068 2160 1130 p.
2211 1048 2338 1109 249

333 1165 427 1243 D,
484 1165 593 1230 ubi
636 1166 865 1243 anima,
914 1186 1069 1248 quae
1114 1188 1147 1229 e
1191 1165 1365 1228 terris
1414 1162 1491 1227 ad
1537 1164 1822 1227 coelestia
1853 1164 2088 1228 evolare
2119 1165 2346 1228 frustra

334 1285 538 1369 cupit,
602 1284 827 1348 dicitur
886 1283 1077 1362 ὄρνιθος
1139 1284 1292 1358 δίκην
1344 1282 1590 1359 βλέπειν
1639 1281 1789 1347 ἄνωι
1838 1283 2048 1368 pulcre
2094 1304 2238 1347 sane
2284 1290 2347 1347 et

334 1410 494 1487 apte.
564 1402 913 1467 Parechesis
959 1403 1135 1466 ποθῶν
1179 1402 1341 1465 ποθὲν
1372 1400 1606 1465 redolet
1635 1401 1991 1465 facetiarum
2022 1424 2342 1487 aucupem.

332 1520 947 1599 Verbum'dvoecossefv
981 1520 1281 1605 significat
1294 1521 1479 1615 seras
1501 1520 1596 1584 vel
1621 1543 1752 1585 aves
1782 1522 2060 1585 exciere
2091 1520 2346 1605 (belgice

332 1641 615 1724 om‘ayen).
705 1639 882 1723 Lysis
928 1661 987 1722 p.
1038 1640 1165 1700 206
1214 1640 1305 1700 A:
1356 1639 1511 1709 ποῖός
1558 1662 1645 1710 τις
1695 1636 1785 1703 οὖν
1832 1636 1904 1703 ἄν
1950 1663 2035 1704 σοι
2081 1640 2234 1703 δοκοῖ
2259 1641 2347 1713 θη-

331 1760 531 1838 ρευτὴς
563 1754 741 1835 εἶναι,
774 1759 821 1822 εἶ
851 1758 1138 1833 ανασοβοῖ
1153 1757 1387 1836 θηρεύων
1412 1756 1509 1821 καὶ
1536 1757 2008 1838 δυσαλωτοτέραν
2030 1760 2132 1832 τὴν
2156 1756 2348 1837 ἄγραν

334 1884 503 1941 ποιοῖ.
594 1876 715 1941 Hic
762 1898 901 1939 vero
947 1898 1049 1939 sen
1057 1898 1159 1939 sus
1190 1875 1463 1960 postulat
1495 1876 1689 1960 accipi
1719 1898 1828 1961 pro
1859 1878 2092 1940 avolare
2122 1876 2348 1959 cupien-

334 2002 445 2058 tem
478 1997 793 2059 retinere
803 2024 830 2071 ;
861 1995 1037 2058 cuius
1075 1994 1531 2079 significationis
1558 1993 1772 2058 dubito
1796 2017 1942 2058 num
1969 1994 2131 2079 apud
2157 1994 2349 2058 bonos

337 2113 661 2198 scriptores
724 2113 1065 2198 exemplum
1126 2113 1489 2176 inveniatur.
1585 2089 1854 2197 Scriptor
1915 2113 2015 2177 hic
2073 2113 2351 2177 similiter

336 2231 549 2316 lapsus
602 2232 843 2296 videtur
888 2239 962 2296 ut
1006 2253 1191 2316 supra
1235 2232 1301 2294 in
1346 2231 1528 2296 verbo
1576 2231 1893 2308 ἐπανάγειν
1942 2233 2023 2317 (p.
2074 2234 2199 2295 325
2250 2234 2348 2316 A).

427 2350 611 2414 Brevi
688 2358 828 2435 post
895 2349 1159 2435 erumpit
1224 2326 1732 2414 mercenariorum
1811 2349 2066 2428 sediti03
2145 2373 2351 2414 rumor

352 2470 664 2555 spargitur
710 2491 842 2532 eam
888 2468 1251 2533 concitatam
1297 2490 1425 2532 esse
1473 2468 1548 2533 ab
1595 2467 1950 2548 Heraclide,
1982 2492 2108 2533 uno
2143 2492 2174 2533 e
2208 2470 2353 2533 belli

338 2586 605 2653 ducibus
620 2614 639 2665 3
675 2588 773 2651 hic
804 2587 1071 2651 occultat
1100 2609 1197 2651 se:
1244 2587 1616 2667 Ἡρακλείδης
1651 2588 1950 2653 ἐκποδὼν
1982 2588 2154 2653 α’ὑτὸν
2177 2588 2352 2669 ἔσχεν

338 2706 583 2790 ἀφανῆ
616 2708 883 2790 (notetur
919 2705 1307 2791 tautologia);
1340 2705 1673 2790 Dionysius
1705 2708 1941 2791 exquiri
1973 2730 2114 2771 eum
2139 2706 2317 2792 jubet
2333 2733 2351 2784 3

340 2827 567 2907 ἀπορῶν
601 2827 659 2889 δὲ
682 2825 1012 2910 (Διονύσιος)
1048 2824 1322 2900 Θεοδότην
1345 2825 1897 2907 μεταπεμψάμενος
1921 2828 2000 2898 εἰς
2024 2826 2118 2891 τὸν
2143 2835 2349 2901 κῆπον·

343 2944 555 3024 ἔτυχον
596 2946 642 3008 δ’
676 2946 733 3009 ἐν
770 2948 850 3026 τῷ
888 2945 1050 3025 κήπῳ
1090 2946 1253 3021 κάγὼ
1286 2942 1422 3009 τότε
1446 2951 1775 3026 περιπατῶν
1795 2965 1808 2979 ·
1836 2918 1916 3010 τὰ
1939 2946 2046 3023 μὲν
2068 2942 2159 3010 οὖν
2189 2944 2356 3009 ἄλλα

342 3062 466 3127 οὔτ’
486 3059 612 3127 οἶδα
642 3062 760 3128 οὔτ’
790 3064 981 3139 ἤκουον
1012 3062 1429 3140 διαλεγομένων
1451 3112 1470 3141 ,
1510 3062 1554 3128 ἃ
1587 3064 1635 3127 δ’
1657 3065 1902 3129 ἐναντίον
1924 3059 2052 3129 εἷπε
2077 3064 2352 3138 Θεοδότης

344 3183 487 3257 ἐμοῦ
527 3182 662 3261 πρὸς
701 3182 985 3249 Διονύσιον
1010 3178 1140 3247 οἶδα
1170 3206 1238 3247 τε
1268 3182 1364 3246 καὶ
1398 3182 1724 3260 μέμνημαι.
1773 3180 2041 3246 Notetur
2071 3182 2136 3245 in
2166 3190 2358 3246 trans-

344 3300 443 3363 itu
474 3300 885 3365 anacoluthon
919 3300 1093 3365 valde
1124 3301 1345 3365 durum
1361 3350 1379 3377 ,
1414 3296 1582 3384 quod
1614 3309 1816 3365 tamen
1849 3298 2127 3385 scriptori
2149 3308 2359 3365 nostro

348 3420 591 3503 elegans
637 3422 835 3484 visum
882 3428 1004 3486 est:
1053 3427 1190 3505 post
1234 3420 1628 3507 participium
1667 3420 2216 3501 μεταπεμψάμενος
2253 3428 2360 3483 aut

347 3539 602 3604 verbum
632 3538 1051 3624 requirebatur
1080 3538 1369 3617 διελέγετο
1409 3542 1591 3620 αὐτῷ,
1617 3512 1725 3604 aut
1747 3540 2050 3625 participii
2070 3540 2205 3603 loco
2229 3561 2364 3623 pos-

349 3658 665 3723 tulabatur
711 3658 961 3723 verbum
1006 3659 1250 3722 finitum
1280 3658 1735 3739 μετεπέμψατο.
1830 3656 2138 3742 Colloquii
2184 3679 2363 3747 scena

352 3783 452 3839 est·
502 3778 561 3841 ἐν
620 3778 700 3857 τῷ
756 3777 951 3856 κήπῳ,
998 3776 1160 3840 sicut
1201 3777 1266 3839 in
1312 3775 1592 3861 Epistola
1635 3775 1773 3854 HI,
1822 3799 1880 3860 p.
1931 3778 2057 3839 319
2111 3778 2201 3852 A,
2249 3774 2362 3838 ubi

354 3894 548 3958 simile
596 3894 872 3979 jurgium
906 3894 1036 3959 -alia
1081 3895 1155 3959 de
1200 3917 1267 3959 re
1305 3902 1368 3959 et
1398 3917 1602 3959 coram
1649 3895 1782 3959 aliis
1827 3868 2086 3959 testibus
2135 3893 2364 3957 drama-

352 4014 469 4077 tice
530 4014 911 4099 proponitur.
1003 4013 1181 4077 Plato
1233 4014 1389 4077 forte
1446 4014 1532 4077 ibi
1591 4012 1908 4077 ambulans
1955 4012 2120 4076 videt
2165 4018 2364 4095 tyran-

355 4154 503 4195 num
564 4155 705 4196 cum
750 4132 1061 4197 Theodote
1106 4134 1554 4219 colloquentem
1572 4182 1590 4211 ‚
1641 4132 1748 4197 sed
1792 4154 1916 4196 non
1949 4132 2122 4195 audit
2154 4152 2364 4193 eorum

358 4274 723 4316 sermonem:
804 4274 1003 4335 „quae
1064 4274 1203 4317 vero
1265 4275 1462 4316 coram
1539 4275 1662 4331 me,
1726 4252 1961 4335 inquit,
2024 4248 2366 4314 Theodotes
