3092 5084
1596 473 1722 534 206

644 675 819 754 λόγον
837 726 851 740 .
873 727 888 743 .
910 727 925 742 .
959 675 1118 753 ἄξιον
1138 703 1273 744 ‹ra-0
1286 677 1407 754 υδῆ
1420 703 1450 750 ς
1481 678 1810 761 γεγονέναι,
1846 701 1986 743 011111
2007 679 2324 765 frequente
2347 705 2465 746 usu
2488 705 2659 748 voca-

646 793 779 858 buli
823 797 1125 868 σπουδαῖος
1170 797 1236 860 111
1280 795 1593 882 Epistulae
1638 796 1771 862 loco
1817 797 2020 864 allato.
2116 797 2282 864 Haec
2327 799 2475 864 talia
2511 809 2660 866 sunt

644 921 715 977 ut
760 913 993 998 puerile
1035 913 1316 978 imitandi
1362 914 1637 978 stu—dium
1684 914 1962 998 prodant.

663 1119 671 1126 ι
731 1031 797 1096 Si
856 1033 1216 1096 sententiam
1278 1040 1513 1116 spectes
1536 1081 1556 1109 ‚
1619 1041 1869 1117 apparet
1911 1033 2491 1119 Epistolographum
2540 1036 2655 1100 hoc

640 1149 905 1214 Phaedri
960 1151 1095 1215 loco
1140 1151 1229 1215 ita
1272 1173 1449 1216 usum
1498 1173 1627 1214 esse
1641 1200 1662 1228 ,
1707 1158 1781 1215 ut
1825 1173 1982 1235 quae
2026 1152 2114 1216 ibi
2157 1151 2391 1218 Socrati
2436 1153 2655 1218 tribuit

641 1267 852 1347 Plato,
902 1291 972 1333 ea
1016 1270 1081 1334 in
1126 1271 1328 1355 ipsum
1374 1267 1694 1334 Platonem
1739 1271 2062 1334 transferat
2075 1297 2094 1348 3
2145 1271 2310 1356 quod
2343 1294 2535 1356 aeque
2563 1273 2653 1338 in·

639 1409 979 1472 congruum
1039 1396 1101 1452 et
1146 1387 1441 1454 absonum
1488 1397 1580 1452 est
1639 1411 1708 1453 ac
1755 1389 1840 1466 si,
1899 1411 2056 1472 quae
2113 1390 2179 1454 in
2225 1391 2531 1476 Apologia
2574 1392 2651 1456 de

640 1529 752 1570 sua
794 1507 1111 1572 hominum
1158 1507 1558 1592 percontandi
1587 1508 1822 1572 ratione
1853 1506 2128 1572 Socrates
2157 1508 2434 1588 disserit,
2484 1532 2554 1574 ea
2583 1510 2648 1574 in

639 1625 955 1690 Platonem
1014 1626 1504 1690 transferrentur.
1599 1625 1776 1690 Plato
1822 1627 1897 1691 iis
1953 1649 2110 1711 quae
2155 1627 2456 1692 dicentem
2501 1628 2648 1694 facit

635 1745 940 1810 Socratem
979 1747 1304 1856 praecipue
1335 1744 1400 1809 id
1431 1746 1755 1830 spectavit,
1791 1754 1874 1810 -ut
1902 1748 2198 1812 rationem
2228 1747 2506 1812 redderet
2537 1771 2647 1813 cur

630 1865 734 1929 ille
792 1864 1059 1948 cogitata
1104 1887 1215 1928 sua
1258 1886 1382 1928 non
1394 1913 1415 1942 ,
1461 1873 1534 1928 ut
1578 1864 1847 1929 rhetores
1909 1872 1969 1928 et
2015 1865 2350 1950 sophistae,
2399 1867 2642 1951 scriptis

632 1982 1004 2048 orationibus
1050 1983 1423 2068 exposuerit,
1472 1983 1578 2046 sed
1626 1983 2041 2063 sermonibus3
2087 1992 2217 2048 tum
2267 2007 2408 2048 vero
2431 1985 2640 2050 eadem

628 2102 863 2169 ratione
909 2101 1227 2186 explicuit,
1276 2073 1463 2185 quam*
1506 2102 1584 2165 ob
1624 2089 1865 2168 causam
1895 2103 2053 2188 ipse,
2101 2103 2313 2168 relicta
2344 2105 2642 2188 sophista-

630 2245 769 2286 rum
812 2221 1147 2286 disserendi
1193 2228 1253 2285 et
1299 2220 1678 2285 declamandi
1723 2220 2193 2299 consuetudine,
2241 2244 2368 2285 non
2398 2223 2637 2300 λόγους,

630 2341 736 2404 sed
766 2340 845 2410 ad
875 2341 1151 2424 magistri
1181 2340 1524 2424 exemplum
1555 2341 1860 2416 διαλόγους
1892 2309 2302 2423 composuerit
2319 2387 2334 2412 ‚
2385 2338 2636 2403 eandem

626 2461 690 2524 in
744 2457 1061 2524 scribendo
1104 2458 1399 2522 rationem
1445 2465 1688 2521 secutus
1735 2479 1918 2542 quam
1961 2459 2026 2520 in
2073 2456 2422 2521 disserendo
2469 2479 2639 2542 prae-

624 2579 813 2643 iverat
857 2577 1150 2642 SocrateS.
1181 2578 1229 2661 1)
1287 2575 1519 2641 Verum
1565 2576 1801 2661 opinari
1830 2576 2178 2655 Platonem,
2228 2599 2382 2661 quae
2412 2577 2477 2640 in
2509 2576 2636 2640 dia-

625 2697 780 2780 logis
840 2695 1151 2773 tractavit,
1215 2717 1369 2779 quae
1428 2694 1505 2758 de
1563 2717 1706 2759 vero
1721 2744 1741 2773 ,
1804 2694 2017 2780 pulcro
2033 2744 2052 2773 ,
2103 2697 2271 2781 justo
2286 2744 2304 2773 ,
2353 2717 2511 2779 quae
2556 2695 2633 2758 de

626 2815 899 2892 civitate,
962 2813 1038 2877 de
1096 2821 1347 2891 natura,
1407 2812 1484 2876 de
1544 2812 1794 2876 scientia
1808 2861 1827 2890 ,
1891 2811 1968 2876 de
2018 2812 2473 2877 immortalitate
2519 2812 2636 2876 dis·

628 2934 851 3011 seruit,
912 2953 1037 2997 non
1096 2932 1215 2994 nisi
1274 2931 1407 2995 ludi
1468 2953 1652 2996 causa
1708 2931 2052 3016 scripsisse,
2113 2953 2312 3016 neque
2371 2931 2468 2996 his
2523 2955 2635 2996 sua

625 3053 893 3136 cogitata
948 3049 1026 3114 de
1086 3049 1453 3136 gravissimis
1498 3049 1922 3135 philosophiae
1967 3049 2426 3134 quaestionibus
2473 3072 2631 3114 com·

624 3171 873 3257 plexum
934 3191 1092 3247 esse,
1157 3177 1249 3233 est
1294 3169 1557 3234 hominis
1603 3192 1818 3255 parum
1863 3171 2028 3234 acuti
2073 3170 2167 3234 vel
2212 3171 2418 3255 potius
2466 3192 2632 3255 prae-

616 3287 894 3373 judicata
936 3286 1220 3372 opinione
1264 3286 1521 3372 decepti.

610 3545 615 3552 ·
713 3523 812 3588 Ad
858 3523 1119 3588 alterum
1158 3523 1367 3588 venio:
1414 3523 1734 3588 Platonem
1765 3522 1996 3588 scilicet
2025 3522 2475 3609 philosophiam
2504 3546 2628 3588 non

624 3640 1053 3726 evulgandam,
1103 3640 1209 3705 sed
1254 3641 1682 3707 occultandam
1727 3641 2109 3706 multitudini
2147 3650 2428 3728 putasse,
2461 3643 2627 3727 quod

687 3887 733 3947 1)
766 3887 1021 3950 Eleganter
1053 3888 1104 3933 et
1134 3875 1324 3948 copiose
1357 3883 1576 3934 Platonis
1608 3885 1897 3936 sententiam
1931 3885 2138 3949 explicat
2171 3901 2259 3935 van
2285 3885 2475 3936 Hensde
2490 3925 2503 3944 ,
2527 3886 2623 3935 Ini-

615 3984 681 4031 tia
725 3981 843 4045 phil.
891 3979 1082 4030 Platon.
1132 3981 1207 4039 11,
1253 3980 1310 4029 P.
1364 3981 1417 4037 1,
1465 3995 1515 4044 p.
1557 3981 1654 4030 120
1688 3996 1790 4045 sqq.
1845 3981 1937 4030 Hic
1973 3987 2028 4030 ut
2060 3981 2304 4046 Epistolae
2339 3983 2480 4031 verba
2513 3998 2621 4031 011111

615 4075 829 4125 Platonis
863 4075 1080 4124 Phaedro
1116 4061 1365 4134 conciliet,
1400 4090 1454 4123 ea
1489 4076 1834 4140 interpretatur
1866 4076 1916 4124 iu
1941 4077 2062 4125 hanc
2080 4077 2365 4126 sententiam
2393 4080 2458 4140 (p.
2486 4075 2622 4138 127)=

617 4171 857 4236 Epistolae
898 4171 1202 4234 scriptorem,
1238 4185 1384 4234 quum
1420 4171 1668 4220 Platonem
1705 4171 1947 4234 scripsisse
1983 4179 2156 4235 negat,
2193 4173 2282 4221 hoc
2318 4177 2504 4222 tantum
2538 4189 2619 4224 vo·

620 4267 787 4323 luisse,
828 4265 962 4314 illum
1002 4281 1096 4314 non
1132 4265 1451 4329 sophistarum
1484 4271 1534 4313 et
1571 4267 1814 4315 rhetorum
1851 4282 1982 4315 more
2015 4271 2168 4331 λόγους
2201 4269 2458 4332 scripsisse.
