3092 5084
1596 488 1714 551 170

649 691 829 754 talem
886 715 1145 756 errorem
1190 693 1457 758 incidere
1504 695 1776 778 potuisse
1793 721 1811 771 ;
1862 695 2064 780 potius
2117 694 2294 757 credo
2350 717 2488 758 eum
2536 694 2651 756 hoc

647 817 887 874 tantum
954 811 1259 889 retulisse,
1316 812 1634 878 Platonem
1681 821 2032 907 ceterosque
2076 813 2338 876 Socratis
2394 812 2653 896 discipu-

644 928 736 992 los
784 935 921 1014 post
973 931 1158 994 huius
1203 940 1458 995 mortem
1498 933 1800 1016 profectos
1849 953 1976 995 esse
2029 931 2280 1014 Megara
2318 930 2394 994 ad
2451 929 2656 992 Eucli-

646 1047 778 1110 dem
794 1074 812 1124 ;
883 1049 1179 1112 rationem
1234 1071 1375 1113 vero
1436 1072 1545 1114 cur
1595 1051 1657 1113 id
1703 1050 2018 1127 fecissent,
2067 1071 2281 1134 nempe
2328 1047 2492 1132 quod
2535 1069 2655 1111 me-

646 1175 890 1230 tuerent
931 1175 1221 1252 tyrannos
1237 1217 1255 1246 ,
1306 1191 1343 1231 a
1387 1169 1661 1252 Diogene
1709 1169 1900 1232 aliove
1948 1168 2241 1252 adjectam
2287 1190 2434 1231 esse.

736 1284 955 1368 Itaque
986 1287 1256 1370 positum
1288 1287 1391 1364 sit,
1428 1285 1813 1350 Hermodoro
1844 1293 2031 1363 teste,
2066 1285 2379 1349 Platonem
2411 1260 2654 1348 Socrate

645 1411 887 1468 mortuo
932 1405 1181 1490 Megara
1224 1406 1489 1469 cessisse.
1584 1404 1771 1485 Quod
1817 1405 2072 1488 epistola
2116 1405 2190 1468 de
2236 1404 2351 1468 hoc
2403 1403 2654 1466 mentio·-

645 1545 785 1587 nem
844 1546 971 1587 non
1029 1525 1205 1602 facit,
1270 1524 1375 1588 sed
1435 1524 1870 1609 philosophum
1934 1523 2191 1588 Athenis
2253 1522 2653 1609 permansisse

648 1641 893 1720 scribit,
926 1643 1011 1705 ita
1034 1643 1319 1728 explicari
1342 1644 1600 1727 pot-erit,
1635 1643 1686 1706 si
1717 1649 2082 1718 statuamuS,
2113 1642 2230 1704 iter
2258 1640 2418 1704 illud
2449 1615 2654 1726 Mega-

646 1781 819 1824 rense
880 1761 1310 1846 digressionem
1371 1763 1574 1847 potius
1637 1770 1696 1826 et
1757 1763 1931 1846 quasi
1989 1761 2416 1826 diverticulum
2469 1782 2653 1843 quam

648 1901 959 1944 excessum
1021 1903 1093 1944 ex
1151 1881 1303 1946 urbe
1347 1882 1566 1959 fuisse,
1616 1881 1692 1945 ob
1735 1880 1854 1945 loci
1899 1881 2302 1958 vicinitatem,
2353 1902 2540 1964 quare
2584 1877 2651 1943 id

650 1997 891 2062 silentio
946 2000 1269 2084 praeterire
1324 2000 1588 2064 licuisse.
1639 1999 1990 2076 Hermanno
2034 2007 2190 2062 certe
2221 2000 2497 2063 assentiri
2529 2019 2653 2061 non

646 2139 929 2204 possum,
978 2119 1255 2203 opinanti
1285 2118 1636 2197 Platonem,
1669 2127 1910 2182 mortuo
1943 2118 2222 2206 Socrate,
2255 2117 2364 2182 diu
2387 2117 2652 2202 Megaris

646 2235 949 2323 habitasse
996 2242 1055 2299 et
1100 2237 1187 2300 ibi
1232 2236 1506 2300 Euclidis
1552 2237 1938 2320 potissimum
1986 2236 2416 2301 consuetudini
2449 2257 2656 2321 accep-

644 2363 770 2418 tam
818 2355 1097 2419 debuisse
1142 2357 1495 2420 interiorem
1539 2355 1710 2419 illam
1755 2355 2062 2420 Eleaticae
2113 2355 2419 2420 doctrinae
2467 2355 2656 2418 scien-

644 2475 793 2538 tiam
854 2480 914 2538 et
975 2473 1317 2539 dialectices
1364 2475 1644 2559 peritiam
1660 2523 1678 2552 ,
1729 2497 1913 2559 quam
1961 2497 2099 2539 cum
2147 2475 2358 2537 ethica>
2389 2474 2652 2536 Socratis

644 2594 980 2678 conjunxit.
1014 2595 1057 2678 ¹)
1149 2594 1344 2675 Quasi
1388 2617 1529 2657 vero
1577 2593 1838 2658 Athenis
1856 2643 1874 2671 ,
1924 2593 2424 2679 philosophorum
2472 2602 2533 2656 et
2563 2615 2655 2656 so-

646 2714 987 2797 phistarum
1032 2711 1199 2790 sede,
1242 2711 1515 2777 Eleatica
1538 2712 1928 2798 philosophia
1958 2735 2081 2776 non
2113 2734 2303 2796 aeque
2325 2718 2472 2776 nota
2497 2717 2655 2774 esset

647 2839 828 2916 atque
874 2831 1253 2909 Heraclitea,
1300 2832 1367 2894 in
1414 2814 1537 2916 qua
1583 2831 1758 2895 Plato
1790 2830 2136 2895 adolescens
2167 2831 2457 2916 magistro
2500 2853 2650 2894 usus

645 2957 739 3015 est
785 2949 1065 3035 Craty10,
1116 2960 1187 3013 ut
1229 2950 1440 3014 retulit
1473 2950 1855 3014 Aristoteles.
1875 2952 1924 3034 2)
1970 2950 2052 3014 Et
2082 2950 2298 3034 quidni
2337 2973 2410 3014 ex
2441 2949 2650 3014 eodem

646 3068 811 3132 fonte
855 3069 1023 3132 illam
1072 3068 1520 3154 philosophiam
1565 3089 1811 3132 noscere
1858 3069 2060 3152 potuit
2103 3068 2268 3133 unde
2316 3091 2447 3132 eam
2493 3090 2654 3149 acce-

596 3167 620 3230 '.
646 3189 738 3274 pit
781 3187 1088 3265 EuclideS,
1138 3188 1245 3272 qui
1284 3188 1528 3252 Platoni
1560 3187 1826 3271 aequalis
1857 3187 2019 3252 fuit?
2043 3188 2089 3273 ³)
2135 3186 2307 3268 Quid
2338 3186 2504 3273 quod
2521 3189 2648 3272 jam

645 3308 886 3372 vivente
932 3305 1208 3384 Socrate',
1256 3314 1327 3371 ut
1370 3308 1555 3371 refert
1597 3305 1879 3371 Laeli-tius
1925 3305 1996 3370 II
2013 3356 2033 3385 ,
2083 3309 2120 3370 3
2136 3356 2155 3385 ,
2206 3305 2496 3370 Euclides
2525 3306 2650 3386 περὶ

646 3427 779 3499 τοὺς
838 3425 1142 3506 ἐριστικοὺς
1198 3425 1406 3504 λόγους
1465 3424 1818 3491 ἐσπούδακα
1883 3447 2069 3509 quare
2127 3447 2252 3489 non
2297 3431 2426 3488 erat
2439 3474 2458 3503 ,
2507 3446 2616 3488 cur
2631 3473 2648 3501 ,

715 3697 765 3759 1)
810 3697 1057 3746 Hermann
1101 3696 1154 3746 11.
1200 3713 1248 3762 p.
1287 3697 1381 3746 46:
1432 3696 1526 3756 „So
1560 3697 1624 3746 ist
1656 3701 1728 3747 est
1761 3697 1909 3746 sehon
1941 3713 2001 3746 an
2035 3696 2135 3746 sich
2169 3696 2274 3746 eine
2307 3693 2477 3745 bochet
2508 3693 2657 3744 wahr-

647 3791 934 3841 scheinliche
967 3792 1319 3856 Vermiithung,
1357 3793 1461 3841 dass
1496 3792 1615 3840 eben
1647 3792 1800 3841 dieser
1834 3791 2120 3842 Aufenthalt
2153 3792 2203 3841 in
2238 3793 2430 3856 Megara
2471 3805 2654 3854 esganz

648 3887 922 3952 vorziiglich
965 3905 1061 3938 war
1103 3889 1186 3938 der
1232 3889 1371 3938 Plato
1416 3889 1506 3938 mit
1539 3889 1647 3936 dem
1679 3888 1995 3953 eigentlichen
2029 3887 2202 3938 Stande
2237 3888 2320 3937 der
2353 3887 2656 3937 Griechische

648 3983 977 4048 Speculation,
1027 3984 1124 4032 und
1171 3984 1460 4048 demgem’ess
1504 3984 1596 4032 mit
1630 3985 1738 4032 dem
1770 3985 1960 4033 wahren
1993 3984 2298 4033 Rediit-fnisse
2332 3984 2413 4032 des
2445 3983 2654 4048 philoso-

646 4079 873 4144 phischen
907 4078 1091 4129 Geistes
1122 4079 1277 4128 seiner
1310 4079 1413 4128 Zeit
1445 4079 1592 4128 n’aher
1624 4079 1835 4130 bekannt
1867 4079 2103 4130 machte.'’

666 4218 670 4225 .
714 4177 763 4238 2)
799 4176 1009 4240 Metaph.
1044 4177 1093 4236 I,
1132 4177 1186 4234 5,
1223 4192 1269 4239 p.
1306 4177 1368 4224 20
1402 4176 1579 4224 Brand.

714 4273 763 4338 3)
796 4273 903 4322 vid.
938 4260 1129 4338 Deylm,
1164 4272 1221 4322 de
1254 4271 1536 4336 Megaricis,
1573 4288 1622 4336 p.
1657 4273 1703 4321 5.
