<?xml version="1.0" encoding="UTF-8"?>
<!DOCTYPE html PUBLIC "-//W3C//DTD XHTML 1.0 Transitional//EN"
    "http://www.w3.org/TR/xhtml1/DTD/xhtml1-transitional.dtd">
<html xmlns="http://www.w3.org/1999/xhtml" xml:lang="en" lang="en">
 <head>
  <title>
</title>
<meta http-equiv="Content-Type" content="text/html;charset=utf-8" />
  <meta name='ocr-system' content='tesseract 3.04.00' />
  <meta name='ocr-capabilities' content='ocr_page ocr_carea ocr_par ocr_line ocrx_word'/>
</head>
<body>
  <div class='ocr_page' id='page_1' title='image "./commentatiocrit01karsgoog_0057.png"; bbox 0 0 3092 5084; ppageno 0'>
   <div class='ocr_carea' id='block_1_1' title="bbox 1355 476 1435 538">
    <p class='ocr_par' dir='ltr' id='par_1_1' title="bbox 1355 476 1435 538">
     <span class='ocr_line' id='line_1_1' title="bbox 1355 476 1435 538; baseline -0.025 0"><span class='ocrx_word' id='word_1_1' title='bbox 1355 476 1435 538; x_wconf 73' lang='lat'><strong>37</strong></span> 
     </span>
    </p>
   </div>
   <div class='ocr_carea' id='block_1_2' title="bbox 382 682 2499 4095">
    <p class='ocr_par' dir='ltr' id='par_1_2' title="bbox 382 682 2499 4095">
     <span class='ocr_line' id='line_1_2' title="bbox 386 682 2411 768; baseline 0.001 -22"><span class='ocrx_word' id='word_1_2' title='bbox 386 688 558 746; x_wconf 86' lang='lat' dir='ltr'><strong>tante</strong></span> <span class='ocrx_word' id='word_1_3' title='bbox 604 689 666 747; x_wconf 90' lang='lat' dir='ltr'><strong>et</strong></span> <span class='ocrx_word' id='word_1_4' title='bbox 709 683 975 747; x_wconf 78' lang='lat' dir='ltr'><strong>instante</strong></span> <span class='ocrx_word' id='word_1_5' title='bbox 1005 683 1140 768; x_wconf 90' lang='lat' dir='ltr'><strong>ipso</strong></span> <span class='ocrx_word' id='word_1_6' title='bbox 1172 682 1489 767; x_wconf 84' lang='lat' dir='ltr'><strong>Dionysio,</strong></span> <span class='ocrx_word' id='word_1_7' title='bbox 1528 684 1707 748; x_wconf 90' lang='lat' dir='ltr'><strong>cuius</strong></span> <span class='ocrx_word' id='word_1_8' title='bbox 1739 684 1950 748; x_wconf 87' lang='lat' dir='ltr'><strong>literae</strong></span> <span class='ocrx_word' id='word_1_9' title='bbox 1982 684 2061 748; x_wconf 92' lang='lat' dir='ltr'><strong>ad</strong></span> <span class='ocrx_word' id='word_1_10' title='bbox 2089 684 2411 749; x_wconf 80' lang='lat' dir='ltr'><strong>Platonem</strong></span> 
     </span>
     <span class='ocr_line' id='line_1_3' title="bbox 387 802 2409 887; baseline 0.001 -21"><span class='ocrx_word' id='word_1_11' title='bbox 387 810 940 867; x_wconf 81' lang='lat' dir='ltr'><strong>commemorantur</strong></span> <span class='ocrx_word' id='word_1_12' title='bbox 954 853 972 882; x_wconf 88' lang='lat'><em>,</em></span> <span class='ocrx_word' id='word_1_13' title='bbox 1007 802 1184 867; x_wconf 90' lang='lat' dir='ltr'><strong>Plato</strong></span> <span class='ocrx_word' id='word_1_14' title='bbox 1217 826 1409 887; x_wconf 88' lang='lat' dir='ltr'><strong>quum</strong></span> <span class='ocrx_word' id='word_1_15' title='bbox 1449 803 1559 868; x_wconf 88' lang='lat' dir='ltr'><strong>diu</strong></span> <span class='ocrx_word' id='word_1_16' title='bbox 1588 805 1926 868; x_wconf 82' lang='lat' dir='ltr'><strong>reluctatus</strong></span> <span class='ocrx_word' id='word_1_17' title='bbox 1960 811 2138 882; x_wconf 89' lang='lat' dir='ltr'><strong>esset,</strong></span> <span class='ocrx_word' id='word_1_18' title='bbox 2171 811 2299 868; x_wconf 84' lang='lat' dir='ltr'><strong>tam</strong></span> <span class='ocrx_word' id='word_1_19' title='bbox 2333 805 2409 868; x_wconf 92' lang='lat' dir='ltr'><strong>ob</strong></span> 
     </span>
     <span class='ocr_line' id='line_1_4' title="bbox 388 923 2410 1015; baseline 0 -30"><span class='ocrx_word' id='word_1_20' title='bbox 388 923 773 1006; x_wconf 85' lang='lat' dir='ltr'><strong>superiorum</strong></span> <span class='ocrx_word' id='word_1_21' title='bbox 818 923 1106 986; x_wconf 88' lang='lat' dir='ltr'><strong>itinerum</strong></span> <span class='ocrx_word' id='word_1_22' title='bbox 1151 923 1510 1015; x_wconf 76' lang='lat' dir='ltr'><strong>frustratum</strong></span> <span class='ocrx_word' id='word_1_23' title='bbox 1543 931 1829 988; x_wconf 85' lang='lat' dir='ltr'><strong>eventum</strong></span> <span class='ocrx_word' id='word_1_24' title='bbox 1861 946 2043 1008; x_wconf 88' lang='lat' dir='ltr'><strong>quam</strong></span> <span class='ocrx_word' id='word_1_25' title='bbox 2078 923 2410 987; x_wconf 82' lang='lat' dir='ltr'><strong>senectutis</strong></span> 
     </span>
     <span class='ocr_line' id='line_1_5' title="bbox 387 1041 2410 1128; baseline 0 -24"><span class='ocrx_word' id='word_1_26' title='bbox 387 1042 589 1125; x_wconf 84' lang='lat' dir='ltr'><strong>gratia</strong></span> <span class='ocrx_word' id='word_1_27' title='bbox 634 1065 698 1106; x_wconf 91' lang='lat' dir='ltr'><strong>se</strong></span> <span class='ocrx_word' id='word_1_28' title='bbox 745 1064 1036 1106; x_wconf 85' lang='lat' dir='ltr'><strong>excusans</strong></span> <span class='ocrx_word' id='word_1_29' title='bbox 1053 1093 1071 1120; x_wconf 89' lang='lat'><em>,</em></span> <span class='ocrx_word' id='word_1_30' title='bbox 1119 1041 1365 1106; x_wconf 87' lang='lat' dir='ltr'><strong>tandem</strong></span> <span class='ocrx_word' id='word_1_31' title='bbox 1411 1043 1742 1128; x_wconf 88' lang='lat' dir='ltr'><strong>profiscisci</strong></span> <span class='ocrx_word' id='word_1_32' title='bbox 1783 1043 2028 1121; x_wconf 82' lang='lat' dir='ltr'><strong>statuit,</strong></span> <span class='ocrx_word' id='word_1_33' title='bbox 2064 1048 2135 1106; x_wconf 90' lang='lat' dir='ltr'><strong>ut</strong></span> <span class='ocrx_word' id='word_1_34' title='bbox 2165 1042 2410 1127; x_wconf 83' lang='lat' dir='ltr'><strong>tyranni</strong></span> 
     </span>
     <span class='ocr_line' id='line_1_6' title="bbox 387 1159 2411 1245; baseline 0.001 -23"><span class='ocrx_word' id='word_1_35' title='bbox 387 1159 663 1224; x_wconf 87' lang='lat' dir='ltr'><strong>animum</strong></span> <span class='ocrx_word' id='word_1_36' title='bbox 708 1167 971 1224; x_wconf 88' lang='lat' dir='ltr'><strong>tentaret</strong></span> <span class='ocrx_word' id='word_1_37' title='bbox 1016 1167 1076 1224; x_wconf 91' lang='lat' dir='ltr'><strong>et</strong></span> <span class='ocrx_word' id='word_1_38' title='bbox 1115 1160 1488 1245; x_wconf 86' lang='lat' dir='ltr'><strong>experiretur</strong></span> <span class='ocrx_word' id='word_1_39' title='bbox 1534 1162 1766 1244; x_wconf 82' lang='grc' dir='ltr'><em>πότερον</em></span> <span class='ocrx_word' id='word_1_40' title='bbox 1798 1160 1967 1233; x_wconf 77' lang='grc' dir='ltr'><em>ὅντως</em></span> <span class='ocrx_word' id='word_1_41' title='bbox 2002 1159 2085 1236; x_wconf 75' lang='grc' dir='ltr'><strong>εἴη</strong></span> <span class='ocrx_word' id='word_1_42' title='bbox 2121 1159 2411 1232; x_wconf 79' lang='grc' dir='ltr'><em>Διονύσιος</em></span> 
     </span>
     <span class='ocr_line' id='line_1_7' title="bbox 389 1276 2413 1361; baseline 0.001 -20"><span class='ocrx_word' id='word_1_43' title='bbox 389 1276 714 1355; x_wconf 74' lang='grc' dir='ltr'><em>ἐξημμένος</em></span> <span class='ocrx_word' id='word_1_44' title='bbox 769 1279 878 1344; x_wconf 78' lang='grc' dir='ltr'><strong>ὑπὸ</strong></span> <span class='ocrx_word' id='word_1_45' title='bbox 921 1278 1305 1361; x_wconf 71' lang='grc' dir='ltr'><strong><em>Φιλοσοφίας,</em></strong></span> <span class='ocrx_word' id='word_1_46' title='bbox 1352 1276 1539 1359; x_wconf 71' lang='grc' dir='ltr'><em>ὥσπερ</em></span> <span class='ocrx_word' id='word_1_47' title='bbox 1585 1279 1788 1361; x_wconf 77' lang='grc' dir='ltr'><em>πυρὸς,</em></span> <span class='ocrx_word' id='word_1_48' title='bbox 1838 1279 1871 1354; x_wconf 83' lang='grc' dir='ltr'>ἢ</span> <span class='ocrx_word' id='word_1_49' title='bbox 1916 1278 2114 1355; x_wconf 70' lang='grc' dir='ltr'><em>μάτην</em></span> <span class='ocrx_word' id='word_1_50' title='bbox 2159 1279 2185 1341; x_wconf 86' lang='lat'><strong>0‘</strong></span> <span class='ocrx_word' id='word_1_51' title='bbox 2232 1278 2413 1350; x_wconf 79' lang='grc' dir='ltr'><em>πολὺς</em></span> 
     </span>
     <span class='ocr_line' id='line_1_8' title="bbox 385 1392 2409 1481; baseline -0.001 -21"><span class='ocrx_word' id='word_1_52' title='bbox 385 1392 554 1467; x_wconf 78' lang='grc' dir='ltr'><em>οὗτος</em></span> <span class='ocrx_word' id='word_1_53' title='bbox 601 1394 750 1460; x_wconf 76' lang='grc' dir='ltr'><em>ἔλθοι</em></span> <span class='ocrx_word' id='word_1_54' title='bbox 793 1396 968 1473; x_wconf 74' lang='grc' dir='ltr'><em>λόγος</em></span> <span class='ocrx_word' id='word_1_55' title='bbox 1008 1395 1306 1476; x_wconf 74' lang='grc' dir='ltr'><strong>Ἀθήναζε.</strong></span> <span class='ocrx_word' id='word_1_56' title='bbox 1355 1419 1414 1481; x_wconf 94' lang='lat' dir='ltr'><strong>p.</strong></span> <span class='ocrx_word' id='word_1_57' title='bbox 1452 1399 1581 1460; x_wconf 75' lang='lat'><strong>340</strong></span> <span class='ocrx_word' id='word_1_58' title='bbox 1629 1395 1703 1460; x_wconf 92' lang='lat' dir='ltr'><strong>B.</strong></span> <span class='ocrx_word' id='word_1_59' title='bbox 1798 1395 1967 1461; x_wconf 89' lang='lat' dir='ltr'><strong>Haec</strong></span> <span class='ocrx_word' id='word_1_60' title='bbox 2014 1418 2168 1479; x_wconf 88' lang='lat' dir='ltr'><strong>quae</strong></span> <span class='ocrx_word' id='word_1_61' title='bbox 2198 1396 2409 1480; x_wconf 87' lang='lat' dir='ltr'><strong>paucis</strong></span> 
     </span>
     <span class='ocr_line' id='line_1_9' title="bbox 383 1514 2414 1601; baseline 0 -24"><span class='ocrx_word' id='word_1_62' title='bbox 383 1514 590 1578; x_wconf 83' lang='lat' dir='ltr'><strong>verbis</strong></span> <span class='ocrx_word' id='word_1_63' title='bbox 652 1515 777 1579; x_wconf 83' lang='lat' dir='ltr'><strong>dixi</strong></span> <span class='ocrx_word' id='word_1_64' title='bbox 833 1514 1016 1600; x_wconf 87' lang='lat' dir='ltr'><strong>longa</strong></span> <span class='ocrx_word' id='word_1_65' title='bbox 1062 1515 1332 1579; x_wconf 89' lang='lat' dir='ltr'><strong>oratione</strong></span> <span class='ocrx_word' id='word_1_66' title='bbox 1381 1524 1442 1580; x_wconf 90' lang='lat' dir='ltr'><strong>et</strong></span> <span class='ocrx_word' id='word_1_67' title='bbox 1487 1539 1597 1601; x_wconf 90' lang='lat' dir='ltr'><strong>per</strong></span> <span class='ocrx_word' id='word_1_68' title='bbox 1638 1516 1865 1582; x_wconf 84' lang='lat' dir='ltr'><strong>multas</strong></span> <span class='ocrx_word' id='word_1_69' title='bbox 1914 1515 2198 1599; x_wconf 83' lang='lat' dir='ltr'><strong>ambages</strong></span> <span class='ocrx_word' id='word_1_70' title='bbox 2247 1536 2414 1579; x_wconf 86' lang='lat' dir='ltr'><strong>enar-</strong></span> 
     </span>
     <span class='ocr_line' id='line_1_10' title="bbox 384 1634 2475 1720; baseline 0 -23"><span class='ocrx_word' id='word_1_71' title='bbox 384 1640 622 1698; x_wconf 83' lang='lat' dir='ltr'><strong>rantur.</strong></span> <span class='ocrx_word' id='word_1_72' title='bbox 715 1634 836 1698; x_wconf 91' lang='lat' dir='ltr'><strong>Hic</strong></span> <span class='ocrx_word' id='word_1_73' title='bbox 881 1634 1061 1699; x_wconf 90' lang='lat' dir='ltr'><strong>dictis</strong></span> <span class='ocrx_word' id='word_1_74' title='bbox 1109 1636 1357 1720; x_wconf 84' lang='lat' dir='ltr'><strong>exponit</strong></span> <span class='ocrx_word' id='word_1_75' title='bbox 1411 1643 1691 1703; x_wconf 87' lang='lat' dir='ltr'><strong>accurate</strong></span> <span class='ocrx_word' id='word_1_76' title='bbox 1705 1685 1724 1715; x_wconf 91' lang='lat'><em>,</em></span> <span class='ocrx_word' id='word_1_77' title='bbox 1774 1636 2026 1720; x_wconf 87' lang='lat' dir='ltr'><strong>quinam</strong></span> <span class='ocrx_word' id='word_1_78' title='bbox 2058 1635 2411 1719; x_wconf 85' lang='lat' dir='ltr'><strong>aptissimus</strong></span> <span class='ocrx_word' id='word_1_79' title='bbox 2473 1680 2475 1682; x_wconf 27' lang='grc' dir='ltr'>ψ</span> 
     </span>
     <span class='ocr_line' id='line_1_11' title="bbox 385 1752 2406 1841; baseline 0 -25"><span class='ocrx_word' id='word_1_80' title='bbox 385 1755 472 1817; x_wconf 92' lang='lat' dir='ltr'><strong>sit</strong></span> <span class='ocrx_word' id='word_1_81' title='bbox 529 1753 915 1838; x_wconf 86' lang='lat' dir='ltr'><strong>ingeniorum</strong></span> <span class='ocrx_word' id='word_1_82' title='bbox 970 1752 1225 1835; x_wconf 73' lang='grc' dir='ltr'><strong><em>ἔλεγχος</em></strong></span> <span class='ocrx_word' id='word_1_83' title='bbox 1241 1804 1260 1832; x_wconf 84' lang='grc'><strong><em>,</em></strong></span> <span class='ocrx_word' id='word_1_84' title='bbox 1308 1755 1416 1838; x_wconf 86' lang='lat' dir='ltr'><strong>qui</strong></span> <span class='ocrx_word' id='word_1_85' title='bbox 1463 1755 1733 1841; x_wconf 87' lang='lat' dir='ltr'><strong>optimus</strong></span> <span class='ocrx_word' id='word_1_86' title='bbox 1779 1754 2001 1819; x_wconf 89' lang='lat' dir='ltr'><strong>modus</strong></span> <span class='ocrx_word' id='word_1_87' title='bbox 2049 1753 2406 1838; x_wconf 88' lang='lat' dir='ltr'><strong>explorandi</strong></span> 
     </span>
     <span class='ocr_line' id='line_1_12' title="bbox 383 1871 2414 1956; baseline 0.001 -21"><span class='ocrx_word' id='word_1_88' title='bbox 383 1894 537 1936; x_wconf 91' lang='lat' dir='ltr'><strong>num</strong></span> <span class='ocrx_word' id='word_1_89' title='bbox 594 1872 730 1956; x_wconf 89' lang='lat' dir='ltr'><strong>quis</strong></span> <span class='ocrx_word' id='word_1_90' title='bbox 777 1871 1046 1936; x_wconf 83' lang='lat' dir='ltr'><strong>indolem</strong></span> <span class='ocrx_word' id='word_1_91' title='bbox 1092 1871 1312 1937; x_wconf 87' lang='lat' dir='ltr'><strong>habeat</strong></span> <span class='ocrx_word' id='word_1_92' title='bbox 1359 1895 1498 1937; x_wconf 85' lang='lat' dir='ltr'><strong>vere</strong></span> <span class='ocrx_word' id='word_1_93' title='bbox 1543 1873 1864 1955; x_wconf 79' lang='grc' dir='ltr'><strong><em>φιλόσοφον</em></strong></span> <span class='ocrx_word' id='word_1_94' title='bbox 1912 1881 1974 1937; x_wconf 88' lang='lat' dir='ltr'><strong>et</strong></span> <span class='ocrx_word' id='word_1_95' title='bbox 2024 1873 2225 1936; x_wconf 89' lang='lat' dir='ltr'><strong>animo</strong></span> <span class='ocrx_word' id='word_1_96' title='bbox 2274 1894 2414 1937; x_wconf 92' lang='lat' dir='ltr'><strong>con-</strong></span> 
     </span>
     <span class='ocr_line' id='line_1_13' title="bbox 385 1989 2411 2075; baseline -0 -22"><span class='ocrx_word' id='word_1_97' title='bbox 385 1991 618 2075; x_wconf 87' lang='lat' dir='ltr'><strong>ceperit</strong></span> <span class='ocrx_word' id='word_1_98' title='bbox 677 1989 860 2072; x_wconf 75' lang='grc' dir='ltr'><em>ἔρωτοι</em></span> <span class='ocrx_word' id='word_1_99' title='bbox 917 1995 1019 2056; x_wconf 77' lang='grc' dir='ltr'><strong>τοῦ</strong></span> <span class='ocrx_word' id='word_1_100' title='bbox 1064 1991 1379 2068; x_wconf 76' lang='grc' dir='ltr'><em>βελτίστου</em></span> <span class='ocrx_word' id='word_1_101' title='bbox 1423 1991 1579 2068; x_wconf 81' lang='grc' dir='ltr'><strong>βίου.</strong></span> <span class='ocrx_word' id='word_1_102' title='bbox 1676 1989 1819 2071; x_wconf 75' lang='lat' dir='ltr'><strong>Quo</strong></span> <span class='ocrx_word' id='word_1_103' title='bbox 1864 1991 2103 2072; x_wconf 74' lang='grc' dir='ltr'><strong><em>ἐλέγχῳ</em></strong></span> <span class='ocrx_word' id='word_1_104' title='bbox 2150 2012 2299 2054; x_wconf 91' lang='lat' dir='ltr'><strong>usus</strong></span> <span class='ocrx_word' id='word_1_105' title='bbox 2344 1990 2411 2053; x_wconf 90' lang='lat' dir='ltr'><strong>in</strong></span> 
     </span>
     <span class='ocr_line' id='line_1_14' title="bbox 384 2109 2415 2194; baseline 0 -22"><span class='ocrx_word' id='word_1_106' title='bbox 384 2109 687 2194; x_wconf 83' lang='lat' dir='ltr'><strong>Dionysio</strong></span> <span class='ocrx_word' id='word_1_107' title='bbox 746 2131 887 2173; x_wconf 93' lang='lat' dir='ltr'><strong>mox</strong></span> <span class='ocrx_word' id='word_1_108' title='bbox 947 2109 1177 2173; x_wconf 87' lang='lat' dir='ltr'><strong>invenit</strong></span> <span class='ocrx_word' id='word_1_109' title='bbox 1239 2132 1376 2172; x_wconf 88' lang='lat' dir='ltr'><strong>eum</strong></span> <span class='ocrx_word' id='word_1_110' title='bbox 1440 2109 1679 2194; x_wconf 90' lang='lat' dir='ltr'><strong>opinari</strong></span> <span class='ocrx_word' id='word_1_111' title='bbox 1742 2110 1968 2174; x_wconf 85' lang='lat' dir='ltr'><strong>multas</strong></span> <span class='ocrx_word' id='word_1_112' title='bbox 2034 2116 2219 2194; x_wconf 85' lang='lat' dir='ltr'><strong>atque</strong></span> <span class='ocrx_word' id='word_1_113' title='bbox 2284 2131 2415 2194; x_wconf 86' lang='lat' dir='ltr'><strong>gra-</strong></span> 
     </span>
     <span class='ocr_line' id='line_1_15' title="bbox 382 2226 2413 2312; baseline 0 -22"><span class='ocrx_word' id='word_1_114' title='bbox 382 2227 662 2290; x_wconf 86' lang='lat' dir='ltr'><strong>vissimas</strong></span> <span class='ocrx_word' id='word_1_115' title='bbox 728 2226 1146 2312; x_wconf 88' lang='lat' dir='ltr'><strong>philosophiae</strong></span> <span class='ocrx_word' id='word_1_116' title='bbox 1206 2234 1404 2312; x_wconf 86' lang='lat' dir='ltr'><strong>partes</strong></span> <span class='ocrx_word' id='word_1_117' title='bbox 1461 2251 1526 2291; x_wconf 91' lang='lat' dir='ltr'><strong>se</strong></span> <span class='ocrx_word' id='word_1_118' title='bbox 1588 2229 1740 2292; x_wconf 90' lang='lat' dir='ltr'><strong>scire</strong></span> <span class='ocrx_word' id='word_1_119' title='bbox 1756 2278 1775 2307; x_wconf 93' lang='lat'><em>,</em></span> <span class='ocrx_word' id='word_1_120' title='bbox 1841 2229 1990 2312; x_wconf 83' lang='lat' dir='ltr'><strong>quin</strong></span> <span class='ocrx_word' id='word_1_121' title='bbox 2054 2228 2237 2292; x_wconf 89' lang='lat' dir='ltr'><strong>etiam</strong></span> <span class='ocrx_word' id='word_1_122' title='bbox 2255 2277 2275 2303; x_wconf 85' lang='lat'><em>,</em></span> <span class='ocrx_word' id='word_1_123' title='bbox 2341 2234 2413 2291; x_wconf 90' lang='lat' dir='ltr'><strong>ut</strong></span> 
     </span>
     <span class='ocr_line' id='line_1_16' title="bbox 382 2345 2411 2432; baseline 0 -24"><span class='ocrx_word' id='word_1_124' title='bbox 382 2345 728 2423; x_wconf 86' lang='lat' dir='ltr'><strong>ferebatur,</strong></span> <span class='ocrx_word' id='word_1_125' title='bbox 805 2346 899 2411; x_wconf 79' lang='lat' dir='ltr'><strong>his</strong></span> <span class='ocrx_word' id='word_1_126' title='bbox 977 2345 1052 2409; x_wconf 90' lang='lat' dir='ltr'><strong>de</strong></span> <span class='ocrx_word' id='word_1_127' title='bbox 1125 2345 1307 2411; x_wconf 87' lang='lat' dir='ltr'><strong>rebus</strong></span> <span class='ocrx_word' id='word_1_128' title='bbox 1381 2346 1666 2410; x_wconf 87' lang='lat' dir='ltr'><strong>nonnihil</strong></span> <span class='ocrx_word' id='word_1_129' title='bbox 1762 2347 1989 2432; x_wconf 88' lang='lat' dir='ltr'><strong>scripto</strong></span> <span class='ocrx_word' id='word_1_130' title='bbox 2070 2345 2411 2411; x_wconf 84' lang='lat' dir='ltr'><strong>mandasse.</strong></span> 
     </span>
     <span class='ocr_line' id='line_1_17' title="bbox 383 2463 2417 2551; baseline 0 -22"><span class='ocrx_word' id='word_1_131' title='bbox 383 2463 576 2545; x_wconf 76' lang='lat' dir='ltr'><strong>Quod</strong></span> <span class='ocrx_word' id='word_1_132' title='bbox 637 2465 842 2551; x_wconf 91' lang='lat' dir='ltr'><strong>ipsum</strong></span> <span class='ocrx_word' id='word_1_133' title='bbox 901 2465 1144 2529; x_wconf 85' lang='lat' dir='ltr'><strong>Platoni</strong></span> <span class='ocrx_word' id='word_1_134' title='bbox 1205 2473 1563 2550; x_wconf 85' lang='lat' dir='ltr'><strong>argumento</strong></span> <span class='ocrx_word' id='word_1_135' title='bbox 1627 2473 1756 2530; x_wconf 88' lang='lat' dir='ltr'><strong>erat</strong></span> <span class='ocrx_word' id='word_1_136' title='bbox 1816 2489 1956 2531; x_wconf 90' lang='lat' dir='ltr'><strong>eum</strong></span> <span class='ocrx_word' id='word_1_137' title='bbox 2018 2489 2144 2532; x_wconf 88' lang='lat' dir='ltr'><strong>non</strong></span> <span class='ocrx_word' id='word_1_138' title='bbox 2189 2489 2417 2550; x_wconf 84' lang='lat' dir='ltr'><strong>germa-</strong></span> 
     </span>
     <span class='ocr_line' id='line_1_18' title="bbox 384 2582 2415 2668; baseline 0 -22"><span class='ocrx_word' id='word_1_139' title='bbox 384 2606 540 2648; x_wconf 81' lang='lat' dir='ltr'><strong>num</strong></span> <span class='ocrx_word' id='word_1_140' title='bbox 587 2605 716 2646; x_wconf 88' lang='lat' dir='ltr'><strong>esse</strong></span> <span class='ocrx_word' id='word_1_141' title='bbox 761 2582 1222 2668; x_wconf 86' lang='lat' dir='ltr'><strong>philosophum:</strong></span> <span class='ocrx_word' id='word_1_142' title='bbox 1274 2606 1338 2647; x_wconf 91' lang='lat' dir='ltr'><strong>se</strong></span> <span class='ocrx_word' id='word_1_143' title='bbox 1385 2584 1546 2647; x_wconf 90' lang='lat' dir='ltr'><strong>enim</strong></span> <span class='ocrx_word' id='word_1_144' title='bbox 1577 2583 1821 2648; x_wconf 89' lang='lat' dir='ltr'><strong>nullum</strong></span> <span class='ocrx_word' id='word_1_145' title='bbox 1858 2606 2131 2668; x_wconf 86' lang='lat' dir='ltr'><strong>unquam</strong></span> <span class='ocrx_word' id='word_1_146' title='bbox 2162 2582 2415 2648; x_wconf 88' lang='lat' dir='ltr'><strong>verbum</strong></span> 
     </span>
     <span class='ocr_line' id='line_1_19' title="bbox 386 2697 2499 2789; baseline -0 -24"><span class='ocrx_word' id='word_1_147' title='bbox 386 2701 464 2766; x_wconf 91' lang='lat' dir='ltr'><strong>de</strong></span> <span class='ocrx_word' id='word_1_148' title='bbox 512 2701 904 2789; x_wconf 77' lang='lat' dir='ltr'><strong>philosophia</strong></span> <span class='ocrx_word' id='word_1_149' title='bbox 962 2697 1254 2780; x_wconf 83' lang='lat' dir='ltr'><strong>edidisse,</strong></span> <span class='ocrx_word' id='word_1_150' title='bbox 1310 2709 1385 2766; x_wconf 92' lang='lat' dir='ltr'><strong>ut</strong></span> <span class='ocrx_word' id='word_1_151' title='bbox 1428 2725 1587 2788; x_wconf 87' lang='lat' dir='ltr'><strong>quae</strong></span> <span class='ocrx_word' id='word_1_152' title='bbox 1632 2701 1769 2766; x_wconf 61' lang='lat' dir='ltr'><strong>non&#39;</strong></span> <span class='ocrx_word' id='word_1_153' title='bbox 1804 2703 2030 2781; x_wconf 77' lang='lat' dir='ltr'><strong>literis,</strong></span> <span class='ocrx_word' id='word_1_154' title='bbox 2080 2703 2185 2766; x_wconf 94' lang='lat' dir='ltr'><strong>sed</strong></span> <span class='ocrx_word' id='word_1_155' title='bbox 2232 2701 2415 2787; x_wconf 85' lang='lat' dir='ltr'><strong>longo</strong></span> <span class='ocrx_word' id='word_1_156' title='bbox 2496 2717 2499 2720; x_wconf 83' lang='grc'><strong><em>’</em></strong></span> 
     </span>
     <span class='ocr_line' id='line_1_20' title="bbox 382 2820 2417 2886; baseline 0 -2"><span class='ocrx_word' id='word_1_157' title='bbox 382 2828 631 2886; x_wconf 86' lang='lat' dir='ltr'><strong>tantum</strong></span> <span class='ocrx_word' id='word_1_158' title='bbox 677 2821 1034 2884; x_wconf 90' lang='lat' dir='ltr'><strong>commercio</strong></span> <span class='ocrx_word' id='word_1_159' title='bbox 1083 2827 1145 2885; x_wconf 85' lang='lat' dir='ltr'><strong>et</strong></span> <span class='ocrx_word' id='word_1_160' title='bbox 1189 2820 1436 2884; x_wconf 90' lang='lat' dir='ltr'><strong>assidua</strong></span> <span class='ocrx_word' id='word_1_161' title='bbox 1481 2822 1935 2886; x_wconf 87' lang='lat' dir='ltr'><strong>consuetudine</strong></span> <span class='ocrx_word' id='word_1_162' title='bbox 1965 2821 2131 2885; x_wconf 88' lang='lat' dir='ltr'><strong>tradi</strong></span> <span class='ocrx_word' id='word_1_163' title='bbox 2161 2828 2221 2885; x_wconf 90' lang='lat' dir='ltr'><strong>et</strong></span> <span class='ocrx_word' id='word_1_164' title='bbox 2250 2843 2417 2885; x_wconf 89' lang='lat' dir='ltr'><strong>men-</strong></span> 
     </span>
     <span class='ocr_line' id='line_1_21' title="bbox 385 2937 2415 3024; baseline 0 -22"><span class='ocrx_word' id='word_1_165' title='bbox 385 2939 558 3003; x_wconf 88' lang='lat' dir='ltr'><strong>tibus</strong></span> <span class='ocrx_word' id='word_1_166' title='bbox 602 2939 897 3003; x_wconf 87' lang='lat' dir='ltr'><strong>inculcari</strong></span> <span class='ocrx_word' id='word_1_167' title='bbox 939 2939 1151 3024; x_wconf 88' lang='lat' dir='ltr'><strong>possit.</strong></span> <span class='ocrx_word' id='word_1_168' title='bbox 1201 2937 1267 3002; x_wconf 83' lang='lat' dir='ltr'><strong>Si</strong></span> <span class='ocrx_word' id='word_1_169' title='bbox 1313 2939 1422 3023; x_wconf 92' lang='lat' dir='ltr'><strong>qui</strong></span> <span class='ocrx_word' id='word_1_170' title='bbox 1471 2947 1618 3003; x_wconf 90' lang='lat' dir='ltr'><strong>sunt</strong></span> <span class='ocrx_word' id='word_1_171' title='bbox 1650 2940 1759 3023; x_wconf 90' lang='lat' dir='ltr'><strong>qui</strong></span> <span class='ocrx_word' id='word_1_172' title='bbox 1792 2940 2146 3024; x_wconf 89' lang='lat' dir='ltr'><strong>scripserint</strong></span> <span class='ocrx_word' id='word_1_173' title='bbox 2177 2939 2252 3002; x_wconf 88' lang='lat' dir='ltr'><strong>de</strong></span> <span class='ocrx_word' id='word_1_174' title='bbox 2282 2939 2415 3024; x_wconf 90' lang='lat' dir='ltr'><strong>phi-</strong></span> 
     </span>
     <span class='ocr_line' id='line_1_22' title="bbox 386 3056 2415 3142; baseline 0 -22"><span class='ocrx_word' id='word_1_175' title='bbox 386 3057 672 3142; x_wconf 89' lang='lat' dir='ltr'><strong>losophia</strong></span> <span class='ocrx_word' id='word_1_176' title='bbox 685 3106 704 3135; x_wconf 93' lang='lat'><em>,</em></span> <span class='ocrx_word' id='word_1_177' title='bbox 753 3056 985 3128; x_wconf 79' lang='grc' dir='ltr'><em>τούτους</em></span> <span class='ocrx_word' id='word_1_178' title='bbox 1030 3059 1130 3122; x_wconf 79' lang='grc' dir='ltr'><strong>οὐκ</strong></span> <span class='ocrx_word' id='word_1_179' title='bbox 1175 3057 1297 3122; x_wconf 75' lang='grc' dir='ltr'><strong>ἔστι</strong></span> <span class='ocrx_word' id='word_1_180' title='bbox 1313 3107 1333 3135; x_wconf 90' lang='grc'>,</span> <span class='ocrx_word' id='word_1_181' title='bbox 1365 3057 1572 3140; x_wconf 88' lang='lat' dir='ltr'><strong>inquit</strong></span> <span class='ocrx_word' id='word_1_182' title='bbox 1588 3107 1607 3135; x_wconf 92' lang='lat'>‚</span> <span class='ocrx_word' id='word_1_183' title='bbox 1642 3057 1803 3123; x_wconf 66' lang='grc' dir='ltr'><strong>κατά</strong></span> <span class='ocrx_word' id='word_1_184' title='bbox 1832 3083 1909 3137; x_wconf 74' lang='grc' dir='ltr'><strong>γε</strong></span> <span class='ocrx_word' id='word_1_185' title='bbox 1938 3059 2043 3133; x_wconf 71' lang='grc' dir='ltr'><strong>τὴν</strong></span> <span class='ocrx_word' id='word_1_186' title='bbox 2073 3059 2216 3136; x_wconf 71' lang='grc' dir='ltr'><strong>ἐμὴν</strong></span> <span class='ocrx_word' id='word_1_187' title='bbox 2245 3057 2415 3134; x_wconf 69' lang='grc' dir='ltr'><em>δόξαν</em></span> 
     </span>
     <span class='ocr_line' id='line_1_23' title="bbox 391 3174 2413 3258; baseline -0 -17"><span class='ocrx_word' id='word_1_188' title='bbox 391 3176 521 3258; x_wconf 80' lang='grc' dir='ltr'><strong>περὶ</strong></span> <span class='ocrx_word' id='word_1_189' title='bbox 581 3182 684 3242; x_wconf 79' lang='grc' dir='ltr'><strong>τοῦ</strong></span> <span class='ocrx_word' id='word_1_190' title='bbox 748 3174 1102 3255; x_wconf 71' lang='grc' dir='ltr'><strong><em>πράγματος</em></strong></span> <span class='ocrx_word' id='word_1_191' title='bbox 1162 3176 1384 3241; x_wconf 73' lang='grc' dir='ltr'><em>ἐπαΐειν</em></span> <span class='ocrx_word' id='word_1_192' title='bbox 1444 3177 1600 3243; x_wconf 75' lang='grc' dir='ltr'><em>οὐδέν</em></span> <span class='ocrx_word' id='word_1_193' title='bbox 1618 3227 1632 3240; x_wconf 94' lang='grc'><strong>.</strong></span> <span class='ocrx_word' id='word_1_194' title='bbox 1656 3176 1673 3184; x_wconf 69' lang='grc'><strong>“</strong></span> <span class='ocrx_word' id='word_1_195' title='bbox 1704 3176 1897 3242; x_wconf 66' lang='grc' dir='ltr'><em>οὔκουν</em></span> <span class='ocrx_word' id='word_1_196' title='bbox 1956 3175 2091 3256; x_wconf 78' lang='grc' dir='ltr'>ἐμόν</span> <span class='ocrx_word' id='word_1_197' title='bbox 2150 3199 2226 3253; x_wconf 67' lang='grc' dir='ltr'><strong>γε</strong></span> <span class='ocrx_word' id='word_1_198' title='bbox 2286 3175 2413 3257; x_wconf 78' lang='grc' dir='ltr'><strong>περὶ</strong></span> 
     </span>
     <span class='ocr_line' id='line_1_24' title="bbox 391 3293 2413 3379; baseline -0 -19"><span class='ocrx_word' id='word_1_199' title='bbox 391 3299 582 3361; x_wconf 75' lang='grc' dir='ltr'><strong><em>αὐτῶν</em></strong></span> <span class='ocrx_word' id='word_1_200' title='bbox 639 3298 762 3363; x_wconf 79' lang='grc' dir='ltr'><em>ἐστι</em></span> <span class='ocrx_word' id='word_1_201' title='bbox 819 3296 1204 3377; x_wconf 69' lang='grc' dir='ltr'><em>σύγγραμμα</em></span> <span class='ocrx_word' id='word_1_202' title='bbox 1249 3295 1402 3360; x_wconf 77' lang='grc' dir='ltr'><em>οὐδὲν</em></span> <span class='ocrx_word' id='word_1_203' title='bbox 1461 3295 1584 3360; x_wconf 78' lang='grc' dir='ltr'><em>οὐδὲ</em></span> <span class='ocrx_word' id='word_1_204' title='bbox 1629 3296 1858 3374; x_wconf 78' lang='grc' dir='ltr'><strong><em>μήποτε</em></strong></span> <span class='ocrx_word' id='word_1_205' title='bbox 1903 3294 2177 3379; x_wconf 72' lang='grc' dir='ltr'><strong>γένηται,</strong></span> <span class='ocrx_word' id='word_1_206' title='bbox 2224 3293 2413 3376; x_wconf 79' lang='grc' dir='ltr'><strong><em>ῥητέον</em></strong></span> 
     </span>
     <span class='ocr_line' id='line_1_25' title="bbox 390 3413 2406 3500; baseline -0.001 -20"><span class='ocrx_word' id='word_1_207' title='bbox 390 3417 510 3496; x_wconf 68' lang='grc' dir='ltr'><strong>γὰρ</strong></span> <span class='ocrx_word' id='word_1_208' title='bbox 569 3415 831 3491; x_wconf 72' lang='grc' dir='ltr'><strong><em>οὐδαμῶς</em></strong></span> <span class='ocrx_word' id='word_1_209' title='bbox 888 3416 1044 3480; x_wconf 78' lang='grc' dir='ltr'><em>ἔστιν</em></span> <span class='ocrx_word' id='word_1_210' title='bbox 1101 3417 1173 3486; x_wconf 79' lang='grc' dir='ltr'><strong>ὥς</strong></span> <span class='ocrx_word' id='word_1_211' title='bbox 1237 3413 1404 3480; x_wconf 71' lang='grc' dir='ltr'><strong>ἄλλα</strong></span> <span class='ocrx_word' id='word_1_212' title='bbox 1460 3415 1798 3492; x_wconf 69' lang='grc' dir='ltr'><strong>μαθήματα</strong></span> <span class='ocrx_word' id='word_1_213' title='bbox 1859 3416 1981 3481; x_wconf 82' lang='grc' dir='ltr'><strong>κτὲ.</strong></span> <span class='ocrx_word' id='word_1_214' title='bbox 2049 3439 2109 3500; x_wconf 90' lang='lat' dir='ltr'><strong>p.</strong></span> <span class='ocrx_word' id='word_1_215' title='bbox 2160 3417 2286 3479; x_wconf 82' lang='lat'><strong>341</strong></span> <span class='ocrx_word' id='word_1_216' title='bbox 2336 3413 2406 3478; x_wconf 85' lang='lat' dir='ltr'><strong>C.</strong></span> 
     </span>
     <span class='ocr_line' id='line_1_26' title="bbox 391 3531 2412 3618; baseline -0.001 -21"><span class='ocrx_word' id='word_1_217' title='bbox 391 3533 558 3598; x_wconf 90' lang='lat' dir='ltr'><strong>Hinc</strong></span> <span class='ocrx_word' id='word_1_218' title='bbox 602 3533 787 3618; x_wconf 86' lang='lat' dir='ltr'><strong>longa</strong></span> <span class='ocrx_word' id='word_1_219' title='bbox 831 3533 1126 3617; x_wconf 81' lang='lat' dir='ltr'><strong>digressio</strong></span> <span class='ocrx_word' id='word_1_220' title='bbox 1169 3532 1246 3597; x_wconf 91' lang='lat' dir='ltr'><strong>de</strong></span> <span class='ocrx_word' id='word_1_221' title='bbox 1291 3539 1512 3597; x_wconf 88' lang='lat' dir='ltr'><strong>natura</strong></span> <span class='ocrx_word' id='word_1_222' title='bbox 1557 3541 1663 3608; x_wconf 78' lang='grc' dir='ltr'><strong>τῆς</strong></span> <span class='ocrx_word' id='word_1_223' title='bbox 1710 3534 2074 3617; x_wconf 73' lang='grc' dir='ltr'><strong><em>ἐπιστήμης,</em></strong></span> <span class='ocrx_word' id='word_1_224' title='bbox 2124 3555 2247 3617; x_wconf 86' lang='lat' dir='ltr'><strong>qua</strong></span> <span class='ocrx_word' id='word_1_225' title='bbox 2292 3531 2412 3596; x_wconf 89' lang='lat' dir='ltr'><strong>effi-</strong></span> 
     </span>
     <span class='ocr_line' id='line_1_27' title="bbox 393 3651 2415 3737; baseline -0.001 -21"><span class='ocrx_word' id='word_1_226' title='bbox 393 3653 555 3716; x_wconf 89' lang='lat' dir='ltr'><strong>citur</strong></span> <span class='ocrx_word' id='word_1_227' title='bbox 622 3673 753 3714; x_wconf 91' lang='lat' dir='ltr'><strong>eam</strong></span> <span class='ocrx_word' id='word_1_228' title='bbox 820 3651 1004 3714; x_wconf 89' lang='lat' dir='ltr'><strong>talem</strong></span> <span class='ocrx_word' id='word_1_229' title='bbox 1063 3673 1190 3715; x_wconf 89' lang='lat' dir='ltr'><strong>esse</strong></span> <span class='ocrx_word' id='word_1_230' title='bbox 1249 3663 1324 3733; x_wconf 65' lang='lat' dir='ltr'><strong>ut</strong></span> <span class='ocrx_word' id='word_1_231' title='bbox 1382 3651 1576 3716; x_wconf 86' lang='lat' dir='ltr'><strong>literis</strong></span> <span class='ocrx_word' id='word_1_232' title='bbox 1634 3651 1989 3737; x_wconf 77' lang='lat' dir='ltr'><strong>&#39;consignari</strong></span> <span class='ocrx_word' id='word_1_233' title='bbox 2047 3672 2161 3714; x_wconf 90' lang='lat' dir='ltr'><strong>nec</strong></span> <span class='ocrx_word' id='word_1_234' title='bbox 2220 3651 2415 3735; x_wconf 89' lang='lat' dir='ltr'><strong>possit</strong></span> 
     </span>
     <span class='ocr_line' id='line_1_28' title="bbox 397 3765 2411 3857; baseline -0.001 -21"><span class='ocrx_word' id='word_1_235' title='bbox 397 3794 511 3837; x_wconf 91' lang='lat' dir='ltr'><strong>nec</strong></span> <span class='ocrx_word' id='word_1_236' title='bbox 570 3771 813 3848; x_wconf 87' lang='lat' dir='ltr'><strong>debeat,</strong></span> <span class='ocrx_word' id='word_1_237' title='bbox 867 3795 927 3856; x_wconf 90' lang='lat' dir='ltr'><strong>p.</strong></span> <span class='ocrx_word' id='word_1_238' title='bbox 977 3773 1105 3835; x_wconf 77' lang='lat'><strong>342</strong></span> <span class='ocrx_word' id='word_1_239' title='bbox 1139 3772 1472 3836; x_wconf 72' lang='lat' dir='ltr'><strong>,A—345</strong></span> <span class='ocrx_word' id='word_1_240' title='bbox 1522 3771 1593 3836; x_wconf 83' lang='lat' dir='ltr'><strong>G.</strong></span> <span class='ocrx_word' id='word_1_241' title='bbox 1658 3765 1861 3852; x_wconf 58' lang='lat' dir='ltr'><strong>&#39;Quae</strong></span> <span class='ocrx_word' id='word_1_242' title='bbox 1906 3771 2242 3857; x_wconf 89' lang='lat' dir='ltr'><strong>disputatio</strong></span> <span class='ocrx_word' id='word_1_243' title='bbox 2286 3777 2411 3834; x_wconf 89' lang='lat' dir='ltr'><strong>tam</strong></span> 
     </span>
     <span class='ocr_line' id='line_1_29' title="bbox 397 3888 2413 3956; baseline -0.002 0"><span class='ocrx_word' id='word_1_244' title='bbox 397 3891 594 3956; x_wconf 88' lang='lat' dir='ltr'><strong>multa</strong></span> <span class='ocrx_word' id='word_1_245' title='bbox 651 3889 836 3954; x_wconf 86' lang='lat' dir='ltr'><strong>habet</strong></span> <span class='ocrx_word' id='word_1_246' title='bbox 883 3896 945 3953; x_wconf 92' lang='lat' dir='ltr'><strong>et</strong></span> <span class='ocrx_word' id='word_1_247' title='bbox 998 3888 1196 3954; x_wconf 83' lang='lat' dir='ltr'><strong>verbis</strong></span> <span class='ocrx_word' id='word_1_248' title='bbox 1257 3897 1319 3954; x_wconf 91' lang='lat' dir='ltr'><strong>et</strong></span> <span class='ocrx_word' id='word_1_249' title='bbox 1377 3889 1560 3955; x_wconf 88' lang='lat' dir='ltr'><strong>rebus</strong></span> <span class='ocrx_word' id='word_1_250' title='bbox 1621 3890 1874 3954; x_wconf 84' lang='lat' dir='ltr'><strong>confusa</strong></span> <span class='ocrx_word' id='word_1_251' title='bbox 1934 3897 1994 3954; x_wconf 89' lang='lat' dir='ltr'><strong>et</strong></span> <span class='ocrx_word' id='word_1_252' title='bbox 2040 3890 2298 3954; x_wconf 85' lang='lat' dir='ltr'><strong>obscura</strong></span> <span class='ocrx_word' id='word_1_253' title='bbox 2340 3894 2413 3956; x_wconf 81' lang='lat' dir='ltr'><strong>ut</strong></span> 
     </span>
     <span class='ocr_line' id='line_1_30' title="bbox 397 4009 1610 4095; baseline 0.001 -22"><span class='ocrx_word' id='word_1_254' title='bbox 397 4032 587 4095; x_wconf 87' lang='lat' dir='ltr'><strong>paene</strong></span> <span class='ocrx_word' id='word_1_255' title='bbox 632 4009 908 4094; x_wconf 82' lang='lat' dir='ltr'><strong>aenigma</strong></span> <span class='ocrx_word' id='word_1_256' title='bbox 951 4009 1151 4094; x_wconf 85' lang='lat' dir='ltr'><strong>legere</strong></span> <span class='ocrx_word' id='word_1_257' title='bbox 1195 4015 1257 4073; x_wconf 91' lang='lat' dir='ltr'><strong>te</strong></span> <span class='ocrx_word' id='word_1_258' title='bbox 1303 4009 1530 4074; x_wconf 77' lang='lat' dir='ltr'><strong>credas,</strong></span> <span class='ocrx_word' id='word_1_259' title='bbox 1562 4009 1610 4094; x_wconf 87' lang='lat'><strong>1)</strong></span> 
     </span>
    </p>
   </div>
   <div class='ocr_carea' id='block_1_3' title="bbox 419 4182 798 4191">
    <p class='ocr_par' dir='ltr' id='par_1_3' title="bbox 419 4182 798 4191">
     <span class='ocr_line' id='line_1_31' title="bbox 419 4182 798 4191; baseline 0 893"><span class='ocrx_word' id='word_1_260' title='bbox 419 4182 798 4191; x_wconf 95' lang='lat' dir='ltr'><strong> </strong></span> 
     </span>
    </p>
   </div>
   <div class='ocr_carea' id='block_1_4' title="bbox 466 4267 1700 4333">
    <p class='ocr_par' dir='ltr' id='par_1_4' title="bbox 466 4267 1700 4333">
     <span class='ocr_line' id='line_1_32' title="bbox 466 4267 1700 4333; baseline -0.003 -13"><span class='ocrx_word' id='word_1_261' title='bbox 466 4271 513 4333; x_wconf 94' lang='lat'><strong>1)</strong></span> <span class='ocrx_word' id='word_1_262' title='bbox 547 4269 641 4319; x_wconf 88' lang='lat' dir='ltr'><strong>Hic</strong></span> <span class='ocrx_word' id='word_1_263' title='bbox 673 4269 808 4320; x_wconf 78' lang='lat' dir='ltr'><strong>locus</strong></span> <span class='ocrx_word' id='word_1_264' title='bbox 840 4269 966 4320; x_wconf 80' lang='lat' dir='ltr'><strong>infra</strong></span> <span class='ocrx_word' id='word_1_265' title='bbox 999 4269 1196 4319; x_wconf 80' lang='lat' dir='ltr'><strong>seorsim</strong></span> <span class='ocrx_word' id='word_1_266' title='bbox 1229 4284 1257 4321; x_wconf 79' lang='lat' dir='ltr'><strong>a</strong></span> <span class='ocrx_word' id='word_1_267' title='bbox 1292 4284 1366 4319; x_wconf 82' lang='lat' dir='ltr'><strong>mc</strong></span> <span class='ocrx_word' id='word_1_268' title='bbox 1399 4267 1700 4324; x_wconf 73' lang='lat' dir='ltr'><strong>tractabitur.</strong></span> 
     </span>
    </p>
   </div>
  </div>
 </body>
</html>
