3092 5084
1586 491 1706 550 182

1284 903 1459 981 Περὶ
1532 903 1996 977 ἐπιστήμης.

338 1192 393 1252 p.
445 1171 593 1232 342.
722 1167 898 1233 ’Ἐστι
944 1175 1055 1232 τῶν
1090 1167 1258 1232 ὄντων
1296 1169 1519 1247 ἑκάστῳ
1537 1218 1556 1241 ,
1596 1168 1663 1231 δι’
1701 1164 1772 1232 ὦν
1805 1169 1907 1241 την
1932 1167 2254 1254 ἐπιστήμην
2277 1164 2512 1242 άνάγκη
2538 1189 2650 1228 ποι-

639 1285 1017 1363 ράγίγνεσθάι
1034 1336 1053 1368 ‚
1100 1286 1265 1366 τρίά,
1305 1287 1579 1367 τέτοιρτον
1601 1287 1649 1349 δ’
1673 1286 1823 1361 οιύτή
1840 1335 1857 1366 ,
1902 1284 2168 1362 πέμπτον
2206 1285 2253 1347 δ’
2276 1283 2420 1348 αὐτὸ
2445 1283 2653 1347 τιθέναι

542 1400 594 1463 Β
640 1405 727 1468 δεῖ
784 1402 811 1468 ὃ
870 1405 936 1479 δὴ
998 1407 1255 1482 γνωστόν
1309 1432 1376 1470 τε
1422 1406 1519 1472 καὶ
1567 1405 1774 1482 άληθές
1823 1409 1974 1471 ἐστιν
2004 1427 2018 1441 ·
2068 1401 2140 1468 ὦν
2184 1401 2241 1468 ἓν
2286 1405 2394 1482 μὲν
2441 1403 2654 1481 ὄνομά,

640 1523 892 1604 δεύτερον
952 1525 1011 1587 δὲ
1070 1525 1244 1601 λόγος
1264 1575 1281 1598 ,
1344 1528 1410 1589 τὸ
1470 1525 1529 1589 δὲ
1589 1526 1773 1605 τρίτον
1824 1523 2052 1588 εἴδωλον
2069 1574 2085 1596 ,
2141 1523 2413 1613 τέτοιρτον
2461 1523 2508 1585 δ’
2533 1524 2656 1587 ἐπι-

641 1643 836 1719 στήμη
865 1693 879 1707 .
928 1643 1052 1723 περὶ
1100 1639 1157 1706 ἓν
1202 1638 1291 1708 οὖν
1336 1644 1530 1726 λοιβέ,
1579 1643 1930 1722 βουλόμενος
1982 1643 2189 1720 μαθεῖν
2233 1641 2300 1706 τὸ
2345 1647 2439 1704 νῦν
2485 1640 2658 1718 λεγό-

642 1783 808 1837 μενον
825 1812 842 1835 ,
898 1761 995 1824 καὶ
1044 1761 1276 1825 πάντων
1320 1759 1463 1834 οῦτω
1510 1761 1632 1841 πέρι
1679 1761 1866 1837 νόησον
1893 1811 1906 1824 .
1955 1761 2162 1832 κύκλος
2207 1760 2336 1824 ἐστι’
2379 1783 2434 1823 τι
2480 1757 2652 1834 λεγό-

642 1901 843 1955 μενον,
908 1873 949 1959 ᾧ
1009 1881 1166 1943 τοῦτ’
1229 1878 1362 1943 αὔτ’
1414 1881 1570 1943 ἐστιν
1613 1877 1790 1957 ὄνομα
1835 1876 1862 1943 ὃ
1910 1885 2004 1943 νῦν
2051 1877 2390 1958 ἐφθέγμεθα
2416 1926 2430 1940 .
2478 1875 2653 1952 λόγος

642 1997 688 2060 δ’
714 1998 892 2061 αὐτοῦ
936 1998 1003 2062 τὸ
1041 1996 1289 2077 δεύτερον
1304 2047 1323 2079 ‚
1368 1995 1431 2073 ἐξ
1467 1997 1759 2072 ὀνομάτων
1799 1997 1896 2061 xx>
1937 1995 2201 2078 ῥημάτων
2245 1995 2618 2074 συγκείμενος
2639 2015 2653 2028 ·

641 2114 708 2178 τὸ
759 2114 876 2194 γὰρ
922 2117 987 2179 ἐκ
1030 2121 1139 2178 τῶν
1190 2114 1464 2195 ἐσχάτων
1508 2114 1602 2180 ἐπὶ
1650 2115 1716 2180 τὸ
1765 2115 1937 2192 μέσον
1983 2113 2098 2180 ἴσον
2143 2115 2371 2194 άπέχον
2418 2111 2614 2194 πάντη
2634 2164 2652 2185 ,

643 2233 817 2310 λόγος
877 2231 949 2297 ἂν
978 2231 1083 2309 ,εἴη
1130 2234 1337 2297 ἐκείνου
1383 2228 1531 2314 ᾧπερ
1579 2234 1939 2312 στρογγύλον
1984 2233 2084 2297 xx}
2133 2233 2428 2313 περιφερὲς
2479 2230 2658 2306 ὄνομά

547 2350 597 2413 C
642 2351 739 2416 κάὶ
802 2349 1006 2422 κύκλος
1026 2402 1039 2416 .
1095 2352 1280 2429 τρίτον
1340 2350 1399 2415 δὲ
1442 2352 1508 2416 τὸ
1553 2349 2032 2433 ζωγραφούμενόν
2083 2376 2152 2415 τε
2197 2350 2295 2429 καὶ
2343 2348 2655 2430 ἐξάλειφό-

642 2494 808 2547 μενον
853 2469 949 2534 κοιὶ
994 2468 1380 2549 τορνευόμενον
1426 2471 1523 2534 xx?
1578 2470 1979 2546 ἀπολλύμενον
2009 2472 2088 2554 ¹),
2137 2466 2208 2533 ὧν
2255 2471 2429 2540 αὐτὸς
2481 2471 2509 2530 ὁ
2555 2468 2655 2533 κύ-

641 2602 810 2662 κλος,
866 2584 923 2650 ὃν
969 2586 1092 2665 πέρι
1138 2587 1313 2651 πάντ’
1357 2588 1479 2652 ἐστὶ
1526 2593 1760 2663 ταῦτα,
1808 2588 1959 2654 οὐδὲν
2007 2588 2271 2668 πάσχει,
2318 2586 2531 2652 τούτων
2575 2589 2647 2659 ὡς

642 2704 824 2785 ἕτερον
868 2703 923 2769 ὅν
941 2755 958 2771 .
1005 2705 1275 2785 τέταρτον
1320 2706 1368 2768 δ’
1392 2707 1685 2783 ἐπιστήμη
1725 2707 1822 2770 καὶ
1856 2713 1978 2778 νοῦς
2009 2707 2224 2783 άληθής
2255 2731 2324 2770 τε
2353 2705 2495 2782 δόξαι
2525 2705 2653 2786 περὶ

640 2828 814 2890 ταῦτ’·
858 2825 1013 2889 ἐστίν
1040 2845 1053 2859 ·
1100 2827 1172 2896 ὡς
1217 2825 1275 2888 δὲ
1316 2821 1373 2888 ἓν
1418 2829 1576 2890 τοῦτ’
1622 2821 1698 2890 αὖ
1741 2829 1862 2890 πάν
1907 2826 2122 2898 θετέον,
2170 2829 2270 2891 οὐκ
2315 2829 2373 2891 ἐν
2425 2815 2650 2906 Φωναῖς

644 2943 755 3008 οὐδ’
816 2945 871 3008 ἒν
910 2941 1195 3017 σωμάτων
1240 2943 1546 3024 σχήμασιν
1564 2993 1582 3018 ,
1630 2945 1770 3008 ἀλλ’
1817 2945 1874 3008 ἐν
1918 2950 2152 3025 ψυχροῖς
2195 2945 2346 3019 ε’νόν,
2399 2940 2440 3026 ᾧ
2485 2945 2649 3017 δῆλον

645 3059 827 3139 ἕτερόν
877 3063 933 3125 τ’
956 3060 1012 3124 ὃν
1056 3062 1234 3126 αὐτοῦ
1279 3067 1379 3126 τοῦ
1424 3060 1634 3128 κύκλου
1679 3071 1785 3156 τῆς
1831 3062 2063 3144 Φύσεως
2107 3069 2218 3128 τῶν
2262 3066 2318 3127 τ’
2341 3063 2650 3144 ἔμπροσθεν

544 3185 601 3248 D
648 3179 969 3260 λεχθέντων
1027 3185 1186 3260 τριῶν
1206 3232 1221 3245 .
1281 3180 1495 3245 τούτων
1558 3179 1604 3244 δ’
1630 3179 1947 3258 ἐγγύτατά
2024 3180 2131 3258 μὲν
2189 3180 2508 3260 ξυγγενείᾳ
2553 3182 2650 3247 καὶ

645 3298 928 3374 ὁμοιότητι
987 3303 1089 3362 τοῦ
1148 3297 1420 3373 πέμπτου
1478 3304 1602 3370 νοῦς
1664 3297 2032 3373 πεπλησιόικε
2047 3349 2065 3382 ,
2120 3293 2328 3364 τάλλοι
2373 3300 2432 3364 δὲ
2477 3300 2650 3365 πλέον

645 3419 863 3499 άπέχει
891 3469 905 3484 .
952 3417 1168 3483 τωύτὸν
1212 3417 1277 3490 δη
1325 3418 1453 3498 περί
1495 3421 1550 3481 τ’
1572 3418 1752 3491 εὐθέος
1792 3415 1929 3497 οἶμοι
1966 3419 2064 3484 καὶ
2108 3427 2440 3500 περιφεροῦς
2496 3422 2649 3500 σχή-

646 3563 834 3615 μοιτος
878 3536 979 3602 καὶ
1022 3536 1208 3617 χρόαις
1226 3587 1243 3619 ,
1292 3537 1420 3616 περί
1461 3540 1516 3601 τ’
1537 3538 1764 3615 άγοιθοῦ
1796 3538 1894 3602 καὶ
1926 3544 2104 3603 κακοῦ
2136 3538 2232 3602 καὶ
2265 3539 2479 3604 δικαίου
2497 3590 2514 3612 ,
2547 3542 2644 3605 xx)

651 3657 773 3734 περὶ
822 3656 1089 3734 σώματος
1135 3653 1393 3728 ἅπαντος
1440 3662 1762 3722 σκευαστοῦ
1805 3682 1873 3722 τε
1917 3658 2016 3721 xx}
2063 3658 2223 3723 κατὰ
2267 3658 2444 3740 φύσιν
2476 3683 2651 3736 γεγο-

650 3775 834 3857 νότος,
883 3773 1051 3854 πυρὸς
1099 3770 1303 3845 &Bm-64
1346 3798 1413 3838 τε
1458 3774 1556 3838 κοιὶ
1601 3779 1712 3838 τῶν
1757 3774 2016 3839 τοιούτων
2064 3774 2326 3852 πάντων,
2375 3776 2471 3841 καὶ
2513 3775 2650 3857 ζῴου

720 3947 766 4005 l)
800 3946 895 3993 Pro
936 3945 1011 3994 his
1050 3945 1299 4009 legendum
1333 3945 1562 4008 conjicio,
1599 3947 1726 4009 quod
1758 3947 1808 3996 in
1844 3947 2058 3996 versione
2093 3947 2226 4006 dedi,
2263 3952 2447 3996 mutato
2484 3948 2648 3996 verbo·

652 4057 755 4090 rum
810 4041 998 4092 ordine:
1044 4047 1098 4093 τὸ
1142 4045 1512 4111 ςωγραφοὺμενον
1559 4047 1633 4094 καὶ
1665 4051 1974 4112 τορνευόμενον
2025 4049 2099 4096 καὶ
2131 4049 2468 4113 ἑξαλειφόμενόν
2497 4066 2551 4097 τε
2579 4051 2652 4098 καὶ
