3092 5084
1569 503 1692 562 216

625 714 801 794 Quae
848 713 948 776 hic
994 721 1287 774 vocantur
1333 711 1734 787 ὑπομνήμκτοο
1781 723 1958 784 sunt,
2009 719 2079 772 ut
2111 709 2302 792 vulgo
2337 707 2646 792 appellan-

624 840 761 908 tur,
811 831 1184 907 adversaria,
1234 830 1298 892 in
1346 829 1571 912 quibus
1621 828 1942 890 memoriae
1989 828 2184 911 gratia
2228 850 2322 890 res
2355 827 2646 891 notaban-

623 958 728 1014 tur
745 977 762 1028 ;
811 953 868 1014 ἐν
914 950 1317 1030 βραχυτάτοὶς
1395 948 1636 1022 κείμενοι
1697 959 1902 1011 autem
1962 947 2394 1031 intelliguntur
2453 946 2646 1030 philo·
2688 981 2693 984 ·

625 1069 907 1154 sophiae,
972 1068 1327 1152 praesertim
1395 1064 1948 1151 metaphysicorum
2013 1066 2342 1151 principia,
2407 1088 2630 1129 memo-

576 1186 584 1204 *
624 1189 745 1252 riae
806 1198 867 1251 et
913 1187 1102 1251 menti
1149 1186 1489 1270 infigenda,
1540 1185 1888 1249 cuiusmodi
1934 1193 2078 1249 sunt
2129 1207 2285 1268 quae
2334 1184 2516 1247 modo
2563 1192 2649 1246 at-

626 1309 876 1390 tigimus
940 1328 1011 1368 ex
1058 1305 1256 1389 Epist.
1305 1304 1409 1382 II,
1475 1329 1533 1390 p.
1587 1305 1750 1388 3122,
1803 1306 1951 1367 313.
2045 1304 2222 1367 Tum¹
2251 1305 2313 1366 in
2370 1303 2648 1387 Epistola

628 1425 759 1489 XII
826 1425 1005 1488 Plato
1055 1424 1356 1508 Archytae
1404 1425 1629 1507 gratias
1677 1423 1838 1506 agit,
1875 1422 2041 1506 quod
2081 1423 2482 1499 ὑπομνήματα
2531 1422 2648 1485 sibi
2729 1419 2735 1424 ’

628 1545 796 1608 misit
842 1551 902 1607 et
949 1543 1213 1606 vicissim
1261 1565 1372 1606 sua
1416 1542 1507 1605 illi
1556 1565 1618 1604 se
1663 1543 1994 1604 missurum
2041 1540 2398 1624 pollicetur3
2441 1540 2644 1615 addit:

630 1663 753 1741 περὶ
818 1661 876 1725 δὲ
936 1670 1041 1734 τῆς
1102 1668 1377 1741 φυλακῆς
1436 1660 1759 1740 ἀμφότεροι
1813 1658 2265 1740 ξυμφωνοῦμεν,
2315 1658 2450 1724 ὥστ’
2493 1659 2645 1722 οὐδὲν

628 1782 717 1844 δεῖ
757 1780 1287 1859 παρακελεύεσθαιε
1339 1799 1461 1862 quo
1510 1778 1809 1862 significat
1851 1800 1918 1840 ea
1943 1777 2134 1841 veluti
2167 1799 2383 1840 arcana
2411 1779 2476 1838 in
2509 1777 2648 1840 scri·

629 1900 747 1962 niis
796 1922 923 1963 esse
970 1898 1282 1962 servanda.
1354 1898 1428 1960 In
1476 1897 1674 1981 Epist.
1723 1895 1926 1974 XIII,
1974 1920 2034 1982 p.
2085 1899 2210 1960 360
2247 1896 2332 1974 Β,
2384 1896 2460 1959 ad
2507 1895 2650 1958 Dio-

625 2017 870 2102 nysium
902 2017 1143 2093 scribit,
1177 2015 1401 2080 additis
1439 2015 2011 2080 commentariorum
2035 2014 2262 2079 titulis:
2298 2016 2412 2092 ἐςνὼ
2444 2021 2537 2079 νῦν
2558 2066 2571 2079 .
2595 2065 2647 2080 ..

630 2141 765 2198 τῶν
826 2160 893 2199 τε
946 2135 1429 2214 Πυθαγορείων
1487 2134 1702 2208 πέμπω
1754 2158 1834 2197 σοι
1880 2132 1978 2196 καὶ
2041 2139 2170 2197 τῶν
2228 2133 2649 2213 διαιρέσεων.

720 2253 815 2317 Ex
882 2254 979 2316 his
1048 2254 1238 2338 igitur
1300 2263 1588 2338 apparet,
1668 2276 1789 2337 quo
1857 2261 2126 2338 tempore
2181 2255 2295 2317 hae
2366 2252 2654 2338 epistolae

632 2373 890 2457 scriptae
968 2382 1148 2449 sunt,
1222 2372 1578 2456 pervulgata
1634 2374 1759 2457 jam
1826 2373 2013 2436 fuisse
2075 2372 2347 2435 Platonis
2410 2372 2656 2435 nomine

634 2493 1067 2572 ὑπομνήματα,
1136 2492 1199 2553 in
1262 2491 1487 2574 quibus
1540 2491 1786 2576 propria
1832 2491 2074 2555 scholae
2121 2491 2406 2574 dogmata
2454 2499 2658 2553 essent

633 2617 874 2673 notata:
939 2609 1003 2673 in
1066 2610 1159 2673 his
1226 2611 1690 2674 commentarios
1739 2612 1862 2688 περὶ
1909 2611 2302 2689 Πυθαγορείων
2351 2618 2412 2673 et
2457 2608 2656 2699 διαιρέ-

632 2753 769 2796 σεις.
836 2727 1147 2812 Frequens
1196 2728 1551 2791 huiusmodi
1597 2730 1889 2810 ἀγράφων
1934 2729 2245 2806 δογμάτων
2291 2730 2518 2792 mentio
2565 2742 2656 2792 est

634 2847 799 2932 apud
845 2847 1205 2910 recentiores
1254 2847 1530 2910 Platonis
1580 2855 1640 2910 et
1673 2847 2445 2933 1111810116113111111111111168,
2481 2849 2659 2912 Alex-

617 2963 893 3042 andrum
955 2963 1395 3048 Aphrodisium
1414 3013 1431 3040 ,
1490 2964 1921 3042 Themistium,
1970 2965 2412 3050 Porphyrium,
2469 2965 2661 3050 Syria·

637 3105 819 3159 num,
880 3083 1165 3146 Proclum
1183 3131 1201 3160 ,
1246 3083 1660 3167 Simplicium,
1695 3083 2036 3148 Johannem
2070 3083 2514 3167 Philoponum‚
2553 3087 2660 3168 qui

638 3225 710 3266 ex
756 3202 852 3266 his
899 3200 1096 3272 multa
1142 3204 1305 3284 (vera
1352 3225 1426 3265 an
1473 3203 1656 3279 falsa,
1707 3225 1870 3266 nunc
1917 3226 2044 3266 non
2091 3207 2338 3288 quaero)
2363 3205 2656 3280 afferunt,

638 3343 793 3404 quae
841 3344 875 3384 e
921 3319 1197 3384 Platonis
1244 3320 1762 3406 disputationibus
1811 3322 1886 3385 de
1933 3323 2186 3386 summis
2239 3345 2440 3388 rerum
2495 3325 2660 3408 prin-

638 3441 812 3525 cipiis
862 3440 1048 3504 dueta
1112 3419 1172 3504 et
1218 3439 1501 3526 deinceps
1550 3441 1625 3506 ab
1673 3443 1802 3506 eius
1851 3441 2266 3520 auditoribuS,
2302 3443 2656 3520 Aristotele,

638 3557 1095 3641 TheophrastO,
1131 3559 1492 3636 Heraclide,
1545 3559 1866 3637 Hestian,
1917 3559 2051 3622 aliis
2097 3561 2162 3623 in
2203 3559 2543 3624 adversaria
2571 3585 2660 3624 re-

570 3693 575 3696 ·
640 3676 767 3738 lata
830 3684 938 3739 aut
1001 3676 1286 3760 operibus
1352 3677 1515 3741 edito
1576 3701 1702 3741 esse
1766 3687 2032 3742 narrant.
2104 3678 2506 3742 Notissimum
2544 3659 2658 3743 'hac

642 3793 705 3856 iu
752 3816 816 3856 re
864 3804 954 3857 est
1005 3795 1423 3859 testimonium
1470 3795 1767 3881 Simplicii
1815 3797 1878 3859 in
1923 3789 2262 3860 Comment.
2313 3798 2388 3861 ad
2432 3799 2662 3861 Aristo-

645 3910 781 3973 telis
844 3910 1027 3994 Phys,
1091 3913 1195 3976 fol.
1266 3916 1389 3976 104
1450 3913 1535 3975 B:
1602 3915 1699 3976 κοιὶ
1761 3914 1828 3976 τὸ
1888 3917 2057 3991 μέγα
2111 3915 2168 3977 δὲ
2212 3916 2310 3978 xx}
2357 3916 2422 3978 τὸ
2469 3916 2662 3993 μικρὸν

642 4029 838 4107 οὶρχοὶς
900 4030 1067 4100 τιθεὶς
1115 4028 1345 4109 ἄπειρον
1391 4028 1533 4120 εἶναι
1583 4033 1787 4108 ἔλεγεν
1835 4032 1988 4114 (soil.
2038 4033 2063 4095 ὃ
2117 4033 2388 4116 Πλάτων)
2436 4036 2492 4097 ἐν
2544 4043 2662 4104 τοῖς

644 4147 765 4224 περὶ
820 4150 1085 4224 τοὶγοιθοῦ
1133 4150 1361 4230 λόγοις,
1412 4145 1488 4220 οἷς
1530 4151 1556 4214 ὂ
1607 4150 2008 4230 Ἀριστοτέλης
2049 4151 2146 4214 κοιὶ
2169 4153 2537 4232 Ἡρακλείδης
2563 4156 2660 4216 xx}

643 4266 927 4336 Ἑστιαῖος
975 4267 1073 4330 xx)
1118 4269 1287 4332 ἄλλοι
1326 4273 1426 4334 τοῦ
1466 4269 1778 4340 Πλάτωνος
1818 4270 2024 4351 ἑτοιῑροι
2053 4270 2507 4348 παραγενόμενοι
2529 4273 2658 4336 eivs—
