3092 5084
1651 474 1731 559 '74

679 705 798 765 lum
856 710 963 765 aut
1013 706 1213 767 bonum
1260 709 1365 765 aut
1410 706 1622 767 malum
1669 703 1922 766 alicuius
1966 710 2050 767 est
2087 704 2351 768 momenti
2388 705 2504 767 ndei
2541 695 2698 789 quod

678 824 762 885 ad
820 822 1074 885 animum
1128 822 1389 904 pertinet
1405 848 1423 884 :
1486 843 1594 906 pro
1652 820 1913 906 simplici
1958 822 2073 885 hoc
2118 822 2436 886 enuntiato
2481 822 2692 907 posuit

678 940 1051 1003 antitheton:
1101 942 1163 1003 οὐ
1210 946 1323 1009 τοῖς
1368 940 1628 1019 οὶψύχοις
1644 988 1662 1017 ,
1710 940 1880 1004 ἀλλὰ
1923 950 1997 1021 τῇ
2041 946 2234 1021 ψυχῇ.
2306 938 2475 1019 Quid
2507 940 2690 1023 signi-

677 1058 817 1121 ficat
875 1065 991 1129 τοῖς
1015 1058 1359 1144 ῥκοξψύχοιςὶ)
1411 1058 1680 1143 lapidee„
1730 1058 1968 1144 plantas
2015 1081 2094 1122 an
2138 1059 2319 1123 bruta
2364 1058 2690 1123 animalia?

677 1176 836 1239 Tum
894 1186 969 1257 τῇ
1027 1184 1201 1259 ψυχῇ
1256 1176 1426 1241 addit
1478 1177 1596 1242 εἴτε
1639 1180 1800 1255 μετα
1845 1179 2112 1253 σώματος
2157 1176 2295 1257 οὔσῃ
2339 1175 2456 1241 εἴτε
2505 1200 2690 1255 κεχω-

677 1295 907 1377 ρισμένη
970 1296 1132 1380 (ἀπὸ,
1172 1298 1499 1381 σώματος);
1557 1298 1740 1362 etiam
1784 1297 1932 1361 haec
1978 1295 2279 1359 antitheta
2324 1295 2424 1359 hic
2471 1317 2684 1381 parum

678 1422 849 1499 apta:
920 1438 1061 1479 nam
1120 1385 1236 1479 boc
1298 1415 1708 1480 demonstrare
1771 1415 1904 1478 vult
1921 1464 1940 1492 ,
1975 1420 2116 1497 post
2159 1419 2391 1477 mortem
2443 1413 2686 1477 demum

678 1542 1023 1617 separatum
1068 1558 1101 1598 a
1148 1556 1397 1619 corpore
1442 1522 1714 1598 ariimum
1760 1534 1921 1598 bona
1965 1532 2062 1597 vel
2104 1532 2265 1597 mala
2304 1532 2450 1617 pati.
2544 1532 2688 1595 Pro-

676 1651 916 1736 gredior
962 1652 1039 1715 ad
1084 1653 1365 1719 ultimam
1410 1652 1762 1738 periodum:
1813 1648 1884 1717 ὧν
1930 1654 1996 1727 δη
2041 1651 2488 1733 φιλοχρήματος
2527 1658 2642 1713 cet.
2661 1700 2680 1728 ,

678 1792 831 1853 quae
893 1779 1019 1834 tam
1078 1771 1371 1855 impedita
1416 1777 1509 1835 est
1552 1770 1873 1835 verborum
1921 1768 2207 1853 ampullis
2251 1776 2500 1853 tamque
2546 1790 2684 1832 con-

676 1889 846 1967 fusa,
910 1897 983 1952 ut
1043 1889 1283 1954 difficile
1345 1890 1426 1953 sit
1485 1912 1730 1953 sensum
1786 1910 2012 1977 eruere.
2107 1886 2494 1951 Constructio
2541 1887 2682 1950 talis

678 2030 805 2071 esse
868 2007 1147 2071 videtur:
1197 2004 1269 2072 ὧν
1330 2010 1436 2092 (sc.
1501 2010 1652 2088 ἱερῶν
1708 1986 1919 2092 λόγων)
1980 2008 2006 2073 o‘
2051 2007 2502 2087 φιλοχρήματος
2547 2007 2683 2082 ἀνὴρ

675 2125 846 2200 πένης
886 2150 953 2190 τε
989 2128 1093 2201 τὴν
1129 2128 1334 2206 ψυχὴν
1380 2126 1498 2191 οὔτ’
1534 2126 1762 2201 ἀκούει,
1801 2125 1900 2189 έαν
1937 2128 1993 2188 τ’
2013 2124 2260 2205 οἰκούσῃ,
2294 2130 2678 2200 καταγελῶν,

672 2248 743 2317 ὡς
789 2244 967 2309 οἴεται
983 2296 1002 2328 ‚
1047 2243 1307 2323 καθάπερ
1352 2245 1525 2325 θηρίον
1561 2243 1806 2323 οὶρποέζει
1843 2243 2086 2314 ἀναιδῶς
2117 2242 2488 2322 πανταχοθεν
2523 2244 2645 2305 πᾶν
2659 2290 2676 2323 ,

674 2362 709 2428 δ’
762 2388 817 2429 τι
873 2388 979 2445 περ
1026 2362 1099 2428 ἂν
1142 2362 1326 2439 οἴηται
1375 2370 1580 2444 ποριεῖν
1627 2364 1784 2444 αὑτῷ
1829 2368 2054 2444 φαγεῖν
2099 2361 2132 2437 ἢ
2178 2368 2326 2426 πιεῖν
2363 2361 2396 2437 ἢ
2443 2363 2507 2426 τὸ
2553 2360 2678 2439 περὶ

673 2483 777 2557 την
821 2481 1216 2562 ἀνδραποδώδη
1260 2482 1355 2546 καὶ
1400 2478 1720 2561 οἶχαριστον
1767 2481 1956 2557 ἡδονὴν
1987 2479 2330 2564 (α’φροδίσιον
2362 2478 2680 2555 λεγομένην

672 2602 773 2665 οὐκ
816 2601 999 2685 ὀρθῶς)
1040 2602 1134 2678 ’μὴ
1174 2601 1573 2677 πίμπλασθαι.
1605 2600 1646 2663 i.
1682 2621 1733 2663 e.
1766 2621 2027 2677 „avarus
2059 2597 2236 2662 effata
2264 2597 2370 2661 illa
2401 2596 2682 2661 deridens

675 2744 721 2783 S.
785 2726 1171 2784 contemnens
1186 2770 1205 2798 ,
1264 2730 1335 2784 ut
1380 2720 1684 2806 opinatur,
1734 2719 2006 2803 undique
2051 2716 2438 2802 impudenter
2489 2718 2678 2801 rapit,

675 2838 833 2901 sicut
884 2836 1089 2902 bellua
1106 2886 1124 2915 ,
1174 2838 1475 2923 quidquid
1522 2845 1703 2923 putat
1748 2838 1864 2902 sibi
1909 2836 2300 2923 suppeditare
2345 2835 2530 2921 dapes
2576 2843 2686 2899 aut

671 2956 948 3041 potiones
994 2957 1242 3039 (φαγεῖν
1290 2956 1322 3031 ἢ
1370 2958 1539 3039 πιεῖν)
1588 2962 1694 3020 aut
1740 2956 1972 3020 veneris
2002 2954 2316 3038 voluptate
2348 2944 2681 3018 insatiabili

671 3073 853 3137 frui.'’
945 3073 1317 3138 Obversatus
1380 3082 1472 3138 est
1517 3074 1800 3158 scriptori
1842 3073 2012 3137 locus
2058 3070 2434 3149 PhaedoniS‚
2484 3095 2544 3156 p.
2596 3074 2677 3135 81

673 3192 727 3255 Β
742 3240 757 3271 ,
824 3192 933 3257 ubi
992 3194 1021 3257 ὅ
1064 3192 1475 3275 φιλοσώματος
1522 3191 1912 3269 describitur,
1959 3192 2027 3255 in
2075 3213 2257 3274 quem
2301 3190 2422 3253 ista
2464 3189 2681 3253 melius

672 3332 817 3374 sane
862 3296 1221 3394 congruunt*
1256 3333 1441 3395 quam
1484 3311 1550 3375 in
1596 3311 2075 3390 φιλοχρήματοντ
2124 3309 2304 3386 huic,
2346 3308 2431 3372 ait
2465 3308 2676 3385 Plato,

670 3427 827 3492 nihil
872 3427 1112 3493 videtur
1156 3451 1285 3492 esse
1336 3437 1548 3493 verum
1593 3436 1655 3492 et
1697 3428 1966 3492 solidum
2015 3428 2155 3491 ἀλλ’
2205 3428 2238 3502 ἢ
2269 3428 2338 3491 τὸ
2367 3450 2681 3503 σωματοει·

672 3546 793 3627 δὲς,
857 3542 921 3610 οὗ
977 3571 1063 3616 τις
1124 3544 1195 3610 ἂν
1256 3542 1478 3627 ἅψαιτο
1537 3546 1635 3610 καὶ
1681 3545 1784 3611 ἴδοι
1830 3548 1926 3609 καὶ
1974 3546 2115 3610 πίοι
2155 3543 2252 3609 καὶ
2299 3544 2531 3627 φαγοι
2577 3544 2676 3608 καὶ

577 3722 582 3729 .
672 3666 831 3744 πρὸς
892 3664 1315 3746 τάφροδίσια
1371 3666 1675 3746 χρήσαιτο.
1767 3664 2038 3749 Scriptor
2101 3686 2243 3728 vero
2302 3673 2507 3727 noster
2565 3686 2676 3727 un-

671 3782 853 3865 dique
940 3782 1351 3867 conquirendo
1426 3782 1608 3846 verba
1679 3783 1904 3867 quibus
1977 3781 2378 3867 amplificetur
2447 3780 2639 3844 oratio
2654 3829 2673 3857 ,

666 3901 965 3965 tumidam
1012 3924 1143 3965 eam
1190 3908 1249 3965 et
1296 3900 1616 3965 obscuram
1659 3899 1946 3965 reddidit.
2016 3899 2298 3965 Otiosum
2348 3899 2410 3963 h.
2442 3899 2485 3963 l.
2517 3898 2674 3963 illud

668 4019 839 4093 πένης
878 4045 945 4084 τε
980 4022 1084 4095 την
1122 4022 1346 4100 ψυχήν.
1409 4020 1568 4083 Tum
1607 4018 1860 4083 offendit
1899 4020 2275 4104 geminatum
2314 4018 2520 4093 οἴεται,
2569 4018 2674 4093 οἵη-

669 4162 767 4203 ται
784 4187 802 4216 ,
840 4161 1101 4223 quorum
1132 4140 1301 4224 prius
1316 4187 1337 4216 ,
1370 4140 1443 4209 ὥς
1474 4137 1650 4203 οἴεται
1666 4187 1685 4215 ,
1713 4160 1836 4222 quo
1859 4138 2057 4201 valeat
2079 4137 2521 4202 subobscurum
2545 4144 2638 4200 est
2651 4164 2672 4214 3

666 4254 811 4321 licet
837 4256 1150 4342 ,suspicari
1208 4279 1348 4320 eum
1408 4256 1525 4320 hoc
1577 4256 1876 4321 voluisse:
1925 4255 2252 4335 „deridens
2268 4304 2287 4334 ‚
2334 4264 2406 4319 ut
2456 4264 2667 4340 putat,
