3092 5084
1364 499 1491 561 225

421 713 516 770 tos
532 756 551 786 ‚
614 706 841 791 quibus
887 706 1345 771 continerentur
1388 704 1637 769 decreta
1671 715 1741 786 ‚et
1786 706 2170 772 definitiones
2216 732 2250 771 e
2303 707 2439 772 Pla-

420 826 582 890 tonis
628 826 753 889 sive
798 823 1023 889 scholis
1068 825 1193 888 sive
1238 822 1499 909 dialogis
1560 823 1881 910 depromta
1894 851 1913 903 3
1963 825 2183 890 horum
2236 835 2438 893 autem

421 944 993 1010 commentariorum
1054 939 1252 1009 simile
1308 944 1504 1009 fatum
1557 945 1749 1009 fuisse
1811 967 1880 1010 ac
1927 952 2038 1011 τῶν
2084 947 2402 1028 διαιρέσεων
2417 997 2435 1031 ,

419 1085 609 1148 quae,
680 1071 752 1128 nt
813 1063 993 1128 modo
1042 1062 1303 1129 vidimus
1320 1114 1339 1144 ‚
1389 1064 1511 1128 cito
1558 1071 1940 1129 evanuerunt
1982 1065 2172 1149 inque
2219 1088 2429 1131 eorum

419 1181 623 1246 locum·
684 1181 903 1247 deinde
949 1179 1157 1268 apuria
1208 1183 1529 1269 supposita
1575 1193 1724 1247 sunt
1738 1232 1757 1262 ‚
1807 1205 1966 1268 quae
2011 1183 2262 1248 tandem
2307 1185 2441 1270 ipsa

422 1323 666 1387 quoque
709 1300 777 1366 in
821 1301 1187 1367 oblivionem
1231 1309 1550 1367 venerunt.

512 1418 796 1484 Ceterum
854 1419 1272 1506 Epistolarum
1333 1421 1452 1485 loci
1513 1421 1580 1484 in
1641 1420 1738 1484 his
1801 1420 2106 1505 capitibus
2167 1444 2204 1484 a
2263 1421 2444 1485 nobis

421 1539 699 1616 tractati,
770 1538 846 1603 de
914 1539 1167 1604 scientia
1180 1589 1199 1618 ‚
1271 1539 1348 1605 de
1416 1538 1894 1626 philosophandi
1963 1539 2260 1603 methodo
2277 1591 2294 1619 ‚
2367 1541 2443 1605 de

422 1657 755 1742 sapientiae
801 1658 1034 1722 arcanis
1051 1707 1071 1736 ,
1138 1658 1458 1722 manifeste
1522 1665 1793 1741 arguunt
1839 1659 2195 1743 scriptorem
2241 1659 2445 1723 Plato-

424 1778 563 1842 nica
608 1776 854 1860 quidem
898 1777 1159 1840 lectione
1203 1777 1467 1841 tinctum
1514 1785 1578 1840 et
1623 1775 1994 1854 coloratum,
2067 1777 2175 1840 sed
2219 1747 2442 1842 mentis

428 1896 557 1961 eius
605 1903 666 1959 et
712 1894 1021 1961 doctrinae
1067 1904 1401 1980 expertem,
1451 1894 1790 1960 disserendi
1834 1895 2050 1960 rudem
2068 1946 2088 1974 ,
2138 1898 2443 1982 specimen

426 2013 689 2098 denique
733 2014 1029 2093 hominiS,
1079 2014 1320 2099 qualem
1366 2015 1495 2100 ipse
1535 2013 1822 2078 describit
1853 2014 1990 2100 (Ep.
2025 2013 2187 2093 VH,
2221 2039 2280 2100 p.
2310 2018 2438 2079 343

427 2133 533 2220 E),
583 2135 688 2218 qui
735 2134 1015 2198 videatur
1042 2135 1216 2213 μηδὲν
1247 2135 1589 2212 γιγνώσκειν
1620 2131 1691 2198 ὧν
1721 2133 1794 2199 ἂν
1825 2135 2091 2214 ἐπιχειρῇ
2123 2135 2376 2213 γράφων
2409 2135 2442 2210 ἢ

424 2254 641 2330 λέγειν.
734 2251 902 2318 Haec
948 2254 1116 2344 satis·
1141 2253 1340 2317 valere
1386 2253 1615 2338 opinor,
1643 2252 1719 2316 ad
1758 2251 2200 2338 reprobandam
2233 2273 2443 2318 eorum

426 2372 803 2458 opinionem,
854 2373 962 2456 qui
1000 2371 1340 2458 Epistolam
1370 2371 1500 2436 VII
1532 2372 1719 2436 alicui
1753 2371 2024 2436 Platonis
2055 2372 2447 2437 familiarium

424 2490 524 2556 vel
570 2490 1014 2577 discipulorum
1028 2540 1049 2570 ‚
1096 2489 1439 2577 Speusippo
1457 2541 1477 2569 ,
1518 2489 1886 2568 Xenocrati,
1929 2491 2105 2555 aliive
2137 2492 2268 2556 eius
2295 2499 2451 2554 aeta-

423 2610 507 2674 tis
553 2608 1019 2696 adjudicandam
1067 2631 1197 2674 esse
1241 2610 1478 2696 opinati
1526 2616 1692 2674 sunt.

2139 4408 2212 4463 15
