3092 5084
1354 484 1434 546 3⁴7

385 697 558 755 tante
603 698 664 755 et
708 692 974 756 instante
1005 692 1138 777 ipso
1170 691 1489 776 DionysiO,
1527 692 1706 756 cuius
1738 692 1949 756 literae
1982 692 2058 755 ad
2088 691 2410 757 Platonem

385 819 939 876 commemorantur
953 863 972 891 ,
1006 812 1183 876 Plato
1216 834 1408 896 quum
1448 811 1559 876 diu
1588 813 1926 876 reluctatus
1959 818 2137 890 esset,
2170 818 2299 876 tam
2332 812 2408 875 ob

387 931 772 1016 superiorum
817 932 1106 996 itinerum
1150 932 1511 1023 frustratum
1543 939 1829 996 eventum
1860 954 2043 1017 quam
2076 930 2409 995 senectutis

387 1051 589 1134 gratia
629 1075 698 1115 se
745 1039 1036 1115 excusans
1051 1101 1072 1128 ,
1119 1050 1363 1115 tandem
1409 1051 1741 1135 profiscisci
1782 1050 2026 1128 statuit,
2062 1057 2135 1114 ut
2164 1049 2409 1134 tyranni

387 1169 663 1233 animum
708 1176 970 1234 tentaret
1015 1175 1076 1233 et
1115 1169 1489 1254 experiretur
1534 1169 1765 1251 πότερον
1798 1167 1968 1241 ὅντως
2001 1167 2083 1244 εἴη
2120 1166 2411 1238 Διονύσιος

389 1285 715 1364 ἐξημμένος
769 1288 878 1354 ὑπὸ
921 1286 1304 1369 φιλοσοφίας,
1351 1285 1539 1367 ὥσπερ
1585 1287 1788 1369 πυρὸς,
1838 1286 1871 1362 ἢ
1916 1285 2113 1362 μάτην
2158 1287 2185 1350 ὅ
2230 1285 2413 1357 πολὺς

386 1401 554 1476 οὗτος
601 1403 750 1469 ἔλθοι
793 1405 968 1482 λόγος
1008 1403 1305 1485 Ἀθήναζε.
1355 1427 1414 1489 p.
1452 1407 1581 1468 340
1629 1403 1703 1468 B.
1798 1403 1965 1468 Haec
2013 1426 2167 1487 quae
2198 1403 2409 1487 paucis

383 1523 590 1588 verbis
652 1523 779 1587 dixi
833 1524 1016 1609 longa
1062 1523 1332 1587 oratione
1380 1531 1450 1588 et·
1487 1547 1597 1609 per
1639 1524 1865 1588 multas
1914 1522 2198 1608 ambages
2247 1544 2415 1586 enar-

384 1649 622 1707 rantur.
716 1643 837 1707 Hic
883 1643 1060 1706 dictis
1108 1643 1356 1728 exponit
1410 1650 1691 1708 accurate
1705 1693 1724 1723 ,
1774 1643 2026 1728 quinam
2058 1642 2411 1726 aptissimus

385 1765 472 1827 sit
531 1763 916 1847 ingeniorum
969 1760 1259 1843 ἔλεγχος,
1308 1763 1415 1846 qui
1463 1763 1733 1849 optimus
1779 1762 2001 1827 modus
2048 1761 2407 1846 explorandi

384 1905 538 1945 1111111
595 1881 732 1966 quis
778 1880 1046 1945 indolem
1091 1879 1313 1945 habeat
1360 1903 1498 1944 vere
1543 1881 1864 1962 φιλόσοφον
1913 1887 1975 1944 01
2023 1881 2225 1945 animo
2273 1901 2415 1943 con-

386 2001 620 2085 ceperit
677 1998 860 2080 ἔρωτοο
917 2003 1019 2064 τοῦ
1064 1999 1379 2076 βελτίστου
1423 1998 1579 2076 βίου.
1676 1998 1818 2080 Quo
1865 1999 2103 2080 ἐλέγχῳ
2151 2020 2299 2062 usus
2344 1997 2410 2061 in

385 2118 688 2202 Dionysio
747 2141 888 2182 mox
946 2118 1177 2182 invenit
1239 2141 1377 2182 011111
1440 2118 1679 2203 opinari
1742 2119 1969 2183 multas
2035 2125 2219 2202 atque
2284 2139 2416 2202 gra-

383 2236 662 2300 vissimas
730 2235 1146 2321 philosophiae
1205 2241 1405 2321 partes
1461 2259 1526 2300 se
1589 2237 1740 2301 scire
1756 2286 1775 2315 ,
1841 2237 1990 2321 quin
2053 2235 2237 2299 etiam
2255 2284 2275 2310 ,
2340 2241 2414 2298 ut

384 2354 730 2433 ferebatur,
806 2355 900 2420 his
977 2354 1052 2418 de
1127 2353 1307 2419 rebus
1381 2355 1666 2419 nonnihil
1763 2355 1989 2440 scripto
2070 2353 2411 2420 mandasse.

386 2472 577 2554 Quod
637 2473 841 2560 ipsum
900 2473 1144 2538 Platoni
1205 2481 1563 2558 argumento
1627 2481 1755 2540 erat
1816 2497 1956 2539 eum
2019 2496 2144 2538 non
2190 2496 2418 2559 germa-

385 2615 542 2656 num
588 2614 718 2656 esse
762 2591 1222 2678 philosophum:
1275 2615 1338 2656 se
1385 2592 1546 2656 enim
1579 2591 1822 2656 nullum
1858 2614 2131 2676 unquam
2162 2591 2416 2654 verbum

388 2711 466 2775 de
513 2710 904 2797 philosophia
964 2706 1254 2788 edidisse,
1311 2718 1385 2774 ut
1429 2732 1587 2796 quae
1632 2733 1758 2775 non
1804 2711 2031 2789 literis,
2080 2710 2187 2803 sed
2231 2710 2417 2795 longo
2496 2724 2499 2728 ’

384 2837 632 2895 tantum
677 2831 1036 2895 commercio
1084 2836 1146 2893 et
1191 2829 1436 2893 assidua
1483 2829 1935 2895 consuetudine
1965 2829 2130 2894 tradi
2161 2837 2222 2893 et
2252 2851 2418 2893 men-

386 2949 558 3013 tibus
603 2947 898 3012 inculcari
940 2948 1152 3033 possit.
1202 2947 1268 3010 Si
1314 2948 1422 3032 qui
1471 2954 1619 3011 sunt
1651 2948 1759 3032 qui
1792 2949 2147 3032 scripserint
2178 2947 2253 3011 de
2283 2947 2417 3032 phi-

388 3067 705 3152 losophia,
754 3065 986 3137 τούτους
1031 3069 1131 3131 οὐκ
1175 3065 1298 3130 ἔστι
1315 3115 1333 3143 ,
1367 3065 1573 3149 inquit
1590 3113 1609 3143 ‚
1643 3065 1804 3131 κατά
1832 3092 1909 3145 γε
1938 3067 2043 3141 τὴν
2074 3066 2215 3144 ἐμὴν
2246 3065 2416 3142 δόξαν

392 3185 521 3267 περὶ
583 3191 684 3251 τοῦ
749 3183 1103 3266 πράγματος
1163 3185 1384 3250 ἐπαΐειν
1445 3185 1601 3251 οὐδέν
1620 3235 1633 3249 .
1658 3184 1675 3192 “
1704 3184 1898 3250 οὔκουν
1956 3183 2091 3264 ἐμόν
2151 3209 2226 3261 γε
2286 3184 2413 3265 περὶ

393 3308 583 3371 αὐτῶν
640 3307 763 3372 ἐστι
822 3304 1204 3385 σύγγραμμα
1250 3303 1404 3368 οὐδὲν
1462 3304 1586 3368 οὐδὲ
1630 3304 1859 3383 μήποτε
1904 3303 2177 3386 γένηται,
2225 3301 2414 3384 ῥητέον

392 3425 512 3504 γὰρ
571 3424 832 3500 οὐδαμῶς
891 3424 1045 3488 ἔστιν
1102 3426 1174 3494 ὥς
1239 3421 1406 3488 ἄλλοι
1462 3423 1800 3500 μοοθήμοιτοο
1861 3423 1983 3488 κτέ.
2050 3447 2111 3508 p.
2144 3426 2287 3516 ⁴341
2337 3421 2407 3486 C.

393 3542 559 3606 Hinc
604 3541 789 3626 longa
832 3541 1124 3626 digressio
1171 3540 1247 3605 de
1292 3547 1514 3605 natura
1558 3549 1664 3616 τῆς
1712 3541 2039 3616 ἐπιστήμης
2058 3590 2076 3623 ,
2126 3563 2249 3624 qua
2292 3540 2413 3604 effi-

395 3662 557 3725 citur
623 3683 755 3724 eam
822 3659 1006 3723 talem
1065 3682 1192 3724 esse
1251 3671 1325 3741 ut
1384 3659 1578 3724 literis
1644 3659 1991 3744 consignari
2049 3679 2161 3722 nec
2222 3658 2417 3743 possit

398 3803 512 3844 1100
571 3779 814 3857 debeat,
870 3803 929 3865 p.
979 3781 1106 3842 342
1141 3781 1473 3844 ,A—345
1524 3779 1594 3843 G.
1660 3773 2243 3864 ¹Quae'disputatio
2289 3785 2413 3842 tam

400 3900 596 3965 multa
653 3897 838 3962 habet
886 3905 946 3962 et
1000 3898 1197 3963 verbis
1259 3905 1321 3962 et
1378 3898 1561 3962 rebus
1623 3898 1876 3962 confusa
1934 3905 1996 3962 et
2042 3896 2300 3962 obscura
2343 3902 2415 3961 ut

397 4041 588 4104 paene
633 4017 911 4102 aenigma
953 4017 1153 4102 legere
1197 4024 1259 4082 te
1304 4017 1532 4082 credas
1564 4017 1612 4102 1)

467 4280 514 4342 l)
549 4278 642 4328 Hie
674 4277 810 4329 locus
843 4277 968 4328 infra
1001 4278 1197 4328 seorsim
1231 4293 1259 4330 a
1294 4293 1368 4328 me
1401 4276 1702 4332 tractabitur.
