3092 5084
1645 471 1764 532 190

785 680 977 746 Totus
1023 679 1123 744 hic
1169 677 1341 744 loeus
1387 678 1653 742 colorem
1697 679 1881 742 refert
1925 677 2346 757 Platonicum3
2388 679 2711 744 concinna-

696 807 798 864 tus
861 807 954 864 est
997 799 1331 863 Platonicis
1385 797 1583 862 verbis
1631 804 1692 861 et
1737 797 1918 861 dietis
1934 847 1953 876 ,
2003 797 2111 861 sed
2155 819 2227 861 ea
2268 819 2382 862 nee
2427 805 2569 884 apte
2615 821 2712 862 eo-

700 919 950 982 haerent
996 925 1057 982 et
1102 940 1138 981 a
1180 917 1453 982 Platonis
1502 916 1803 980 sententia
1848 938 1916 980 ae
1961 923 2182 980 mente·
2211 916 2507 981 aberrant.

784 1037 991 1102 Primo
1036 1036 1222 1101 dicit:
1271 1035 1392 1100 ἔστι
1436 1035 1572 1115 τρία
1615 1037 1682 1099 δι’
1729 1031 1800 1100 ὧν
1843 1036 1948 1109 τὴν
1991 1036 2315 1113 ἐπιστήμην
2337 1035 2570 1113 άνάγκη
2595 1059 2712 1100 πα-

695 1157 1105 1234 ραγίγνεσθαι,
1168 1153 1347 1232 ὄνομα
1362 1203 1379 1236 ,
1442 1152 1620 1230 λόγος
1637 1203 1654 1234 ,
1703 1151 1950 1219 εἴδωλον.
2042 1153 2300 1218 Initium
2355 1153 2471 1217 hoe
2487 1203 2504 1232 ,
2545 1141 2710 1218 unde

695 1281 828 1339 tota
872 1275 1212 1360 disputatio
1258 1272 1486 1358 pendet
1503 1322 1520 1351 ,
1571 1272 1941 1358 descriptum
1986 1247 2078 1337 est
2114 1273 2263 1358 ipsis
2295 1295 2484 1358 paene
2513 1273 2712 1336 verbis

698 1415 731 1456 e
793 1392 949 1458 libro
1004 1392 1079 1456 de
1140 1391 1331 1476 Legg.
1394 1391 1487 1470 X,
1537 1414 1598 1476 p.
1651 1393 1775 1454 895
1824 1391 1916 1469 D,
1964 1391 2070 1456 ubi
2116 1391 2334 1476 hospes
2381 1391 2713 1455 Athenien-

700 1511 781 1574 sis
798 1561 817 1589 ,
882 1511 1065 1575 animi
1122 1510 1535 1574 definitionem
1585 1509 1870 1587 daturuS,
1918 1509 2391 1594 disputationem
2436 1508 2532 1573 his
2586 1532 2713 1572 ver-

700 1629 794 1694 bis
852 1628 1239 1713 aggreditur:
1308 1629 1441 1709 q'Ap'
1494 1630 1596 1692 οὐκ
1636 1627 1708 1692 ἂν
1753 1627 1956 1700 ἐθέλοις
2002 1627 2126 1708 περὶ
2173 1626 2413 1692 ἕκαστον
2459 1628 2589 1705 τρία
2633 1651 2714 1691 νο-

700 1754 813 1822 εῖν,
870 1743 927 1810 ἓν
990 1747 1096 1825 μὲν
1141 1749 1245 1821 τὴν
1290 1747 1516 1822 οὐσίαν,
1567 1745 1626 1810 ἓν
1665 1747 1721 1811 δὲ
1765 1755 1872 1821 τῆς
1915 1748 2110 1818 οὐσίας
2155 1746 2254 1812 τὸν
2296 1746 2502 1824 λόγον,
2549 1743 2608 1811 ἓν
2654 1747 2711 1811 δὲ

696 1867 765 1932 τὸ
826 1865 1023 1943 ὄνομα.
1072 1866 1343 1950 Apparet
1381 1873 1590 1929 tamen
1635 1865 1990 1930 discrimen:
2036 1865 2216 1930 Plato
2257 1873 2550 1930 memorat
2582 1873 2714 1929 tan-

700 1992 833 2048 tum
879 1993 985 2059 τῆς
1030 1985 1225 2054 οὐσίας
1265 1983 1442 2061 ὄνομα
1485 1991 1545 2047 et
1581 1981 1788 2066 λόγον,
1827 2006 1955 2046 non
1995 1983 2166 2048 addit
2188 1983 2432 2050 εἴδωλον.
2473 1984 2714 2062 ’Όνομα

701 2111 793 2168 est
850 2125 1051 2167 nomen
1096 2123 1218 2186 quo
1263 2125 1358 2165 res
1406 2108 1685 2179 notatur,
1717 2101 1890 2179 λόγος
1921 2104 2228 2186 descriptio
2274 2103 2370 2166 vel
2415 2103 2669 2186 definitio
2685 2129 2714 2178 ,-

702 2221 879 2286 ambo
936 2221 1084 2285 haee
1146 2243 1323 2306 saepe
1368 2220 1534 2306 apud
1579 2221 1898 2285 Platonem
1944 2222 2228 2307 copulata
2271 2222 2590 2306 leguntur,
2643 2229 2716 2284 ut

699 2340 767 2404 in
820 2340 1079 2404 Politico
1100 2389 1117 2418 ,
1174 2363 1233 2424 p.
1285 2341 1410 2404 271
1461 2338 1544 2402 O:
1593 2339 1692 2404 καὶ
1739 2349 2010 2418 γηγενεῖς
2055 2327 2120 2415 δὴ
2163 2341 2326 2405 κατά
2371 2345 2570 2405 τοῦτον
2613 2339 2713 2403 τὸν

701 2458 875 2535 λόγον
935 2457 1001 2533 ἐξ
1058 2457 1323 2536 άνάγκης
1382 2457 1697 2539 φυομένους
1751 2455 1925 2530 οὕτως
1971 2457 2126 2538 ἔχειν
2171 2459 2426 2535 τοῦνομα
2469 2457 2568 2522 καὶ
2615 2457 2714 2522 τὸν

699 2578 893 2654 λόγον.
964 2575 1135 2656 Quid
1182 2582 1385 2639 autem
1440 2584 1533 2638 est
1570 2574 1846 2640 εἴδωλονΡ
1891 2577 1950 2639 Α
1979 2582 2186 2640 nostro
2218 2583 2468 2640 vocatur
2489 2576 2716 2662 qffiqies

702 2719 805 2759 seu
848 2699 1055 2780 fiqura
1100 2695 1189 2758 rei
1236 2695 1349 2758 sub
1396 2717 1644 2758 sensum
1693 2695 1912 2759 cadens
1926 2745 1945 2774 ,
1995 2703 2067 2759 ut
2110 2702 2361 2781 apparet
2404 2718 2476 2758 ex
2521 2717 2715 2759 exem-

702 2815 805 2900 plo
869 2836 991 2898 quo
1054 2814 1254 2877 utitur
1312 2819 1412 2878 τοῦ
1475 2815 1688 2879 κύκλου
1707 2865 1724 2896 ,
1791 2815 1961 2878 euius
2007 2813 2232 2880 εἴδωλον
2279 2814 2428 2879 dicit
2474 2837 2602 2879 esse
2647 2813 2714 2879 τὸ

702 2932 1182 3014 ζωγραφούμενον
1242 2931 1339 2996 καὶ
1398 2932 1782 3009 τορνευόμενον
1838 2933 1936 2996 καὶ
1995 2931 2442 3016 ἐξαλειφόμενον
2501 2958 2568 2997 τε
2612 2933 2711 2998 καὶ

704 3052 1107 3130 άπολλύμενον
1122 3078 1140 3130 3
1192 3073 1242 3114 -a
1300 3050 1558 3115 Platone
1620 3058 1823 3116 autem
1884 3051 2130 3130 εἴδωλα,
2179 3052 2218 3116 i.
2268 3075 2318 3115 e.
2365 3052 2712 3130 simulacra,

704 3193 881 3255 saepe
927 3169 1311 3255 appellantur
1357 3191 1427 3233 ea
1473 3192 1628 3253 quae
1673 3170 1949 3235 sensibus
1997 3171 2451 3256 percipiuntur,
2487 3172 2714 3256 quippe

704 3312 860 3373 quae
906 3290 1029 3353 sint
1074 3289 1249 3372 quasi
1293 3287 1496 3360 εἴκονες
1542 3294 1655 3352 τῶν
1699 3287 1867 3354 όντων
1883 3339 1902 3373 ,
1951 3311 2210 3372 quorum
2253 3289 2712 3354 similitudinem

706 3408 800 3471 vel
831 3408 1033 3492 potius
1064 3407 1341 3470 umbram
1364 3406 1649 3469 referant.
1699 3405 1796 3470 Ita
1825 3407 1891 3470 in
1923 3407 2179 3470 Phaedr.
2207 3430 2264 3492 p.
2296 3411 2421 3474 276
2447 3409 2540 3486 A,
2565 3411 2591 3474 ὅ
2614 3432 2713 3485 γε·

703 3525 1037 3607 γραμμένος
1080 3524 1256 3602 λόγος
1303 3530 1555 3587 vocatur
1590 3524 1816 3589 εἴδωλον
1853 3531 1954 3590 τοῦ
1993 3525 2169 3603 λόγου
2208 3522 2266 3598 ὃς
2305 3528 2438 3603 μετ’
2477 3527 2712 3601 ἐπιστή-

706 3669 821 3722 μης
880 3643 1181 3726 γράφεται
1247 3645 1303 3707 ἐν
1339 3654 1413 3726 τῇ
1460 3649 1560 3708 τοῦ
1607 3643 1986 3720 μανθάνοντος
2031 3651 2224 3726 ψυχῇ.
2284 3643 2366 3708 Et
2409 3645 2472 3707 in
2520 3643 2705 3729 Soph.

706 3787 769 3848 p.
838 3743 963 3826 23‘9
1028 3761 1085 3825 D
1100 3811 1117 3840 ,
1180 3783 1371 3844 quum
1432 3760 1653 3845 hospes
1710 3759 2019 3825 Eleatieus
2081 3762 2320 3846 quaerit
2378 3761 2526 3846 quid
2585 3763 2711 3827 sint

704 3879 955 3957 εἴδωλα,·
995 3879 1360 3943 Theaetetus
1406 3878 1493 3942 ita
1536 3877 1895 3963 respondet:
1929 3879 2094 3954 δῆλον
2127 3877 2211 3946 ὅτι
2241 3882 2506 3961 φήσομεν
2543 3882 2625 3947 τά
2654 3884 2709 3947 τ’
2802 3897 2811 3904 ’

706 4002 764 4063 ἐν
824 4005 939 4071 τοῖς
1001 3995 1165 4062 ὕδασι
1210 3997 1308 4062 καὶ
1355 3997 1696 4077 κατόπτροις
1743 3995 1958 4061 εἴδωλα
1977 4049 1994 4073 ,
2043 3997 2126 4063 ἔτι
2172 3999 2270 4076 καὶ
2317 3999 2398 4064 τοὶ
2437 4023 2705 4080 γεγραμ-

705 4117 855 4193 μένα
900 4115 998 4180 καὶ
1043 4115 1125 4180 τά
1170 4115 1556 4192 τετυπωμένα
1601 4114 1697 4178 καὶ
1745 4109 1951 4180 τάλλα
1995 4113 2104 4182 ὅσα
2145 4141 2254 4182 που
2291 4121 2512 4182 τοιαῦτ’
2553 4118 2707 4183 ἐστὶν
