3092 5084
1439 486 1472 544 5
1505 519 1511 525 .

491 711 496 734 ¹
545 687 988 754 Tiedemannus
1034 698 1095 752 et
1123 689 1647 774 Morgensternius
1682 698 2016 756 ceterarum
2047 692 2223 756 fidem
2256 692 2459 756 minus

455 808 690 871 firmam
753 807 1131 886 habuerunt,
1197 831 1402 872 carum
1464 810 1786 894 praecipue
1846 811 1909 874 in
1969 810 2193 894 quibus
2240 834 2462 876 arcana

458 925 755 1008 quaedam
816 926 1038 1010 placita
1091 933 1464 1010 tanguntur,
1503 929 1550 1010 ι)
1604 927 1679 991 de
1723 927 2036 1014 Epistolae
2082 937 2283 992 autem
2334 928 2461 993 VII

455 1043 575 1106 fide
621 1043 888 1107 dubitari
918 1067 1092 1128 posse
1122 1068 1245 1109 non
1277 1045 1697 1110 crediderunt:
1734 1053 1991 1124 „contra
2024 1047 2199 1131 cujus
2230 1047 2461 1123 vamo'-

454 1187 644 1240 ww,
719 1163 865 1226 dicit
932 1164 1454 1247 Morgensternius
1469 1213 1488 1242 ,
1551 1164 1645 1228 De
1705 1164 1863 1228 Plat.
1926 1163 2076 1248 Rep.
2125 1187 2184 1248 p.
2240 1167 2317 1228 79
2338 1214 2356 1242 ,
2423 1187 2459 1226 a

455 1281 694 1345 nemine
742 1281 906 1365 quod
954 1282 1138 1345 sciam
1184 1305 1502 1346 ne·unum
1550 1283 1795 1366 quidem
1842 1290 2263 1366 argumentum
2315 1305 2459 1365 qua-

456 1400 775 1484 lecumque
837 1399 1037 1463 adhuc
1097 1400 1400 1484 prolatum
1444 1405 1567 1465 est.
1661 1400 1798 1464 Hoc
1843 1400 1989 1464 dum
2036 1401 2174 1479 fiat,
2224 1422 2459 1484 exspec-

456 1517 718 1583 tamusss'

541 1635 744 1700 Etiam
805 1636 968 1722 apud
1028 1637 1454 1722 Franeogallos
1529 1635 1738 1701 Freret
1810 1638 1905 1701 his
1971 1639 2245 1722 epistolis
2306 1661 2453 1702 usus

455 1767 546 1819 est
599 1763 891 1840 tanquam
953 1757 1235 1840 primario
1295 1757 1462 1820 fonte
1521 1757 1685 1820 unde
1745 1780 1947 1821 rerum
2010 1765 2069 1820 et
2114 1765 2455 1841 temporum

454 1875 532 1938 ad
577 1874 909 1953 Socratem,
957 1874 1272 1940 Platonem
1320 1881 1382 1938 et
1425 1875 1707 1958 aequales
1740 1876 1987 1940 illorum
2018 1853 2452 1961 pertinentium

455 2000 651 2058 status
719 2001 1136 2078 cognoscatur.
1171 1995 1222 2078 2)
1311 1993 1388 2056 In
1455 1993 1663 2058 eadem
1733 1995 2033 2058 sententia
2091 1995 2208 2059 fuit
2269 2017 2456 2078 quon-¹

456 2112 596 2175 dam
639 2111 1014 2190 BoeckhiuS‚
1062 2112 1156 2176 De
1201 2111 1412 2175 Graec.
1460 2118 1615 2196 trag.
1666 2113 1855 2197 princ.
1904 2113 2144 2198 (1808).
2193 2135 2249 2196 p.
2292 2114 2452 2190 163,

457 2231 632 2315 cujus
693 2229 926 2317 judicio
992 2229 1303 2315 Epistolae
1364 2230 1496 2308 III,
1560 2229 1689 2293 VH
1746 2237 1807 2294 et
1867 2229 2029 2294 VIII
2089 2253 2123 2293 a
2181 2229 2454 2293 Platonis

457 2371 645 2413 manu
689 2350 992 2434 profectae
1038 2372 1167 2413 esse
1212 2349 1518 2436 putandae
1564 2355 1729 2414 sunt.
1763 2349 1817 2432 3)

527 2537 573 2597 1)
608 2535 925 2594 Tiedemann,
969 2535 1102 2585 Geist
1135 2536 1219 2585 der
1252 2535 1388 2600 Spec.
1421 2535 1549 2586 Phil.
1584 2533 1751 2596 (1791)
1786 2535 1852 2584 11.
1893 2549 1941 2598 p.
1979 2535 2101 2593 119,
2134 2533 2373 2598 Epist-olas
2406 2533 2456 2582 II

457 2638 507 2680 et
540 2631 610 2680 VI
641 2631 826 2696 spurias
853 2630 1052 2695 judicat.
1118 2632 1476 2702 Morgenstern‚
1509 2631 1738 2680 Entwiirf
1757 2646 1849 2679 von
1873 2629 2085 2679 Platon’s
2106 2630 2263 2679 Leben
2285 2629 2455 2691 (1797)

458 2743 506 2792 p.
543 2729 614 2776 61-
640 2732 739 2778 not.
774 2727 972 2792 loquens
1009 2729 1072 2795 'de
1110 2743 1278 2778 arcana
1321 2727 1551 2792 sapientia
1597 2727 1787 2776 Platoni
1835 2727 1887 2776 in
1924 2726 2134 2790 epistolis
2168 2726 2243 2775 his
2278 2727 2459 2776 tributa

460 2823 577 2872 dicit
609 2823 908 2872 dubitanter:
956 2823 1123 2883 „Doch
1157 2823 1401 2872 verdiente
1433 2822 1509 2872 die
1543 2823 1691 2872 Sache
1724 2822 1849 2872 noch
1881 2823 1986 2871 eine
2018 2838 2251 2886 genauere
2284 2821 2457 2872 Unter·

459 2918 720 2984 suchuug.”
2503 2895 2507 2900 .

529 3013 578 3076 2)
611 3012 803 3072 Freret,
845 3011 1098 3062 Memoires
1145 3013 1201 3062 de
1245 3012 1425 3062 l'Acad.
1464 3013 1546 3062 des
1580 2992 1730 3062 Inscin
1766 3013 1932 3074 (1809)
1965 3013 2019 3061 T.
2055 3011 2245 3061 XLVII.
2279 3029 2325 3076 p.
2361 3012 2457 3064 257

463 3114 561 3157 not.
594 3108 708 3158 haec
742 3108 858 3158 dicit
877 3129 888 3158 ε
925 3110 1128 3167 „Aucun
1160 3109 1241 3157 des
1263 3108 1452 3157 anciens
1473 3107 1551 3156 n'a
1568 3093 1716 3157 doute
1736 3124 1829 3203 que
1849 3108 1917 3156 les
1938 3108 2103 3158 lettres
2126 3108 2182 3156 de
2205 3107 2376 3157 Platon
2400 3123 2459 3156 ne

463 3205 646 3253 fussent
678 3205 735 3253 de
769 3220 822 3253 ce
868 3203 1174 3269 philosophe;
1219 3203 1332 3252 elles
1381 3205 1539 3252 furent
1584 3202 1768 3268 publicis
1800 3219 1885 3268 par
1916 3202 2213 3252 Hermodore
2244 3219 2331 3252 son
2364 3204 2457 3251 ami

461 3305 513 3349 et
545 3317 629 3350 son
680 3299 900 3364 disciple,
951 3299 1052 3348 Cic.
1097 3299 1155 3348 ad
1199 3300 1303 3348 Att.
1337 3299 1485 3358 XIII,
1532 3299 1613 3348 21.
1680 3298 1927 3364 Thrasylle
1974 3305 2022 3348 et
2053 3298 2099 3348 le
2128 3299 2459 3363 grammairien

463 3394 804 3460 Aristophane,
869 3393 986 3444 dans
1049 3395 1096 3443 la
1161 3393 1458 3443 distribution
1513 3392 1655 3458 qu’ils
1710 3393 1897 3444 avaient
1941 3393 2054 3442 faite
2103 3394 2185 3443 des
2234 3410 2461 3458 ouvrages

463 3490 590 3540 vrais
622 3493 672 3541 et
704 3488 930 3554 supposes
961 3491 1041 3554 qni
1073 3490 1312 3554 portoient
1355 3507 1442 3539 son
1485 3507 1627 3548 nom,
1679 3490 1913 3556 placaient
1944 3507 2021 3538 ces
2054 3490 2219 3539 lettres
2250 3507 2309 3538 au
2344 3506 2462 3554 rung
2508 3473 2512 3481 ’

463 3587 546 3634 des
595 3585 858 3634 veritables.
924 3586 1085 3650 Denys
1134 3563 1508 3637 d’Haliearnasse
1560 3585 1649 3634 fait
1692 3585 1904 3635 mention
1950 3586 2031 3634 des
2064 3586 2229 3634 lettres
2263 3584 2320 3634 de
2352 3586 2462 3634 Pla·

464 3688 579 3737 ton.
614 3682 690 3730 De
719 3685 808 3731 art.
842 3681 1092 3730 Demosth.
1126 3697 1173 3745 p.
1211 3681 1304 3734 178
1339 3697 1468 3746 oper.
1496 3681 1588 3730 vol.
1612 3681 1689 3741 II;
1725 3681 1845 3730 mais
1868 3697 1920 3730 ce
1937 3681 2016 3746 qui
2046 3685 2118 3730 est
2136 3681 2321 3740 decisif‚
2347 3681 2463 3732 c’est

466 3794 558 3843 qne
591 3777 790 3826 Ciceron
823 3777 892 3826 lui
925 3775 1104 3836 meme,
1140 3776 1280 3826 Tusc.
1314 3775 1356 3824 V
1372 3814 1386 3836 ,
1416 3763 1515 3836 ¹35,
1552 3776 1643 3825 cite
1676 3775 1723 3824 la
1756 3777 1898 3825 lettre
1930 3792 2020 3826 aux
2054 3781 2244 3840 parents
2261 3778 2317 3825 de
2334 3777 2460 3826 Dion

466 3889 524 3922 en
567 3889 643 3922 ces
674 3876 878 3922 termes:
926 3870 1047 3930 „Est
1079 3871 1316 3935 praeclara
1348 3871 1546 3935 epistola
1578 3871 1795 3920 Platonis
1824 3870 1885 3920 ad
1920 3871 2087 3921 Dionis
2120 3872 2463 3936 propinquos.”
2531 3883 2536 3888 ’

533 3969 582 4028 3)
619 3968 740 4016 Cum
788 3966 1028 4016 Boeckhio
1075 3965 1313 4016 consentit
1345 3966 1392 4016 J.
1426 3967 1484 4017 A.
1519 3966 1732 4026 Grimm,
1767 3967 1839 4015 De
1872 3965 1995 4031 Epp.
2029 3966 2152 4015 Plat.
2188 3972 2351 4015 utrum
2384 3983 2462 4030 ge-

469 4063 642 4112 nuinae
691 4063 788 4112 sint
831 4079 890 4112 an
931 4061 1284 4128 suppositiciae.
1351 4061 1510 4110 Berol.
1548 4061 1702 4110 1815:
1738 4077 1830 4126 qua
1862 4060 2195 4110 dissertatione
2240 4062 2311 4112 uti
2345 4062 2464 4111 mihi

469 4175 562 4208 non
607 4157 772 4216 licuit,
810 4174 896 4206 nec
929 4157 1067 4206 licuit
1098 4157 1212 4207 item
1247 4157 1609 4206 Westermanno
1624 4177 1637 4216 ;
1682 4157 1901 4206 laudatur
1934 4173 2045 4207 vero
2077 4156 2135 4206 ab
2163 4157 2461 4220 Hermanno,

467 4253 636 4303 Geseh.
669 4254 754 4302 der
785 4253 908 4304 Plat.
944 4253 1066 4304 Phil.
1101 4269 1150 4318 p.
1185 4254 1296 4304 591.
1330 4257 1431 4302 not.
1465 4252 1582 4302 210.
