3092 5084
1374 517 1497 576 241

518 716 587 782 Si
642 727 806 784 aetas
851 742 1061 784 earum
1104 728 1167 785 et
1234 721 1407 806 origo
1454 723 1800 806 quaeritur,
1857 745 1890 788 e
1943 724 2307 809 scriptorum
2357 735 2444 789 te-

430 839 731 903 stimoniis
792 837 1095 924 probabili
1136 840 1375 904 ratione
1418 840 1627 925 colligi
1673 848 1878 927 potest
1923 864 2022 906 eas
2037 892 2056 920 ,
2115 864 2225 928 pro
2271 849 2442 928 parte

390 957 647 1026 saltem
662 1008 681 1036 ,
738 959 865 1044 jam
924 957 1323 1043 Aristophani
1375 961 1768 1045 grammatico
1834 961 2175 1026 innotuisse
2251 970 2438 1047 atque

426 1077 580 1142 adeo
628 1085 769 1142 ante
810 1077 1082 1142 medium
1128 1077 1442 1144 saeculum
1485 1078 1592 1143 ΙΠ
1637 1102 1692 1144 a.
1740 1079 1810 1144 G.
1859 1082 2181 1153 exstitisse.

520 1198 969 1281 Argumentum
990 1248 1010 1277 ,
1095 1198 1453 1283 compositio
1470 1248 1489 1276 ,
1560 1199 1754 1262 oratio
1823 1199 2219 1284 epistolarum
2290 1199 2442 1264 eius—

427 1316 597 1381 modi
664 1300 811 1381 sunt
824 1367 844 1396 ‚
916 1339 1072 1401 quae
1117 1316 1617 1382 declamatorium
1663 1299 1906 1382 dicendi
1953 1339 2143 1403 genus
2196 1325 2259 1383 et
2309 1319 2443 1382 rhe-

400 1436 681 1500 ·toricam
765 1435 1124 1520 palaestram
1200 1435 1534 1500 redoleant.
1665 1434 1784 1500 Res
1871 1458 2027 1520 quae
2102 1443 2444 1502 tractantur

426 1554 659 1617 fictioni
714 1555 921 1639 potius
984 1577 1167 1639 quam
1222 1555 1462 1619 veritati
1522 1555 1750 1620 similes
1766 1605 1786 1634 ,
1823 1539 2081 1620 ‘exordia
2127 1557 2405 1639 quaesita
2420 1606 2438 1634 ,

424 1671 645 1757 longae
714 1681 775 1737 et
842 1673 1083 1755 crebrae
1155 1674 1523 1759 egressiones
1546 1725 1566 1752 ,
1649 1675 1836 1760 panni
1917 1676 2120 1759 inepte
2205 1674 2439 1754 assuti,

344 1815 351 1824 ·
427 1793 787 1878 compositio
844 1793 1169 1856 artificiosa
1210 1815 1321 1858 nec
1368 1794 1680 1878 proposito
1714 1800 1853 1878 apte
1885 1815 2244 1878 congruens
2295 1793 2446 1859 Ora-

426 1911 516 1975 tio
550 1912 627 1975 ad
656 1911 931 1976 Platonis
963 1911 1305 1996 exemplum
1337 1912 1743 1990 conformata,
1786 1910 1892 1977 sed
1922 1915 2043 1990 ita,
2079 1919 2150 1976 ut
2180 1911 2441 1997 diligens

430 2038 736 2116 spectator
764 2030 943 2094 facile
973 2031 1247 2095 fucatum
1280 2031 1570 2109 nitorem,
1605 2053 1732 2095 non
1761 2031 2102 2096 naturalem
2135 2038 2443 2117 agnoscat.

428 2149 648 2214 Ubivis
710 2149 965 2234 vestigia
1027 2158 1319 2234 apparent
1380 2149 1742 2214 imitationis
1802 2150 1899 2214 vel
1967 2150 2288 2215 verborum
2350 2151 2448 2216 vel

428 2268 769 2332 dictionum
817 2268 911 2332 vel
940 2270 1407 2348 sententiarum,
1456 2276 1582 2332 tam
1613 2268 1854 2347 crebra,
1903 2277 1975 2333 ut
2008 2267 2286 2354 Epistola
2317 2267 2446 2334 VII
2540 2295 2552 2306 ·

430 2410 636 2452 revera
681 2389 760 2452 sit
806 2389 1047 2453 centoni
1092 2389 1308 2452 similis
1356 2411 1389 2452 e
1434 2388 1711 2453 Platonis
1759 2389 1998 2474 scriptis
2045 2389 2409 2453 concinnato
2424 2415 2444 2468 3

432 2505 525 2569 his
546 2505 1176 2594 autemzasperguntur
1198 2506 1423 2592 passim
1448 2506 1721 2570 maculae
1735 2554 1753 2584 ,
1782 2506 1986 2570 sordes
2002 2555 2021 2585 ,
2041 2505 2446 2591 negligentiae

434 2647 470 2688 a
517 2625 774 2689 sanitate
820 2633 881 2690 et
910 2626 1178 2710 puritate
1209 2625 1402 2689 Attici
1434 2625 1727 2689 sermonis
1759 2647 2005 2710 prorsus
2032 2624 2442 2690 abhorrentes,

524 2735 709 2824 Quod
756 2744 832 2808 ad
878 2767 971 2808 res
992 2745 1266 2834 attinet,
1314 2751 1459 2808 sunt
1502 2744 1570 2807 in
1614 2743 1690 2806 iis
1737 2742 2038 2807 nonnulla
2077 2765 2234 2828 quae
2265 2743 2448 2828 scrip-

434 2868 627 2927 torem
690 2884 907 2947 parum
970 2862 1359 2947 diligentem,
1425 2863 1546 2927 imo
1607 2863 1674 2926 in
1733 2861 1916 2926 rebus
1977 2862 2447 2927 Atheniensium
2558 2870 2564 2876 ’

421 3003 627 3066 paene
672 2979 975 3066 hospitem
1023 2989 1282 3065 arguant
1297 3008 1317 3060 3
1367 3003 1523 3066 quae
1559 2988 1761 3046 autem
1796 2981 2116 3047 Platonem
2147 2988 2445 3066 tangunt,

435 3122 629 3184 pauca
674 3101 989 3164 continent
1025 3099 1339 3186 Epistolae
1386 3122 1543 3184 quae
1590 3122 1715 3165 non
1763 3099 1836 3164 ab
1871 3099 2004 3164 aliis
2036 3122 2282 3184 quoque
2308 3100 2448 3166 scri-

432 3220 712 3306 ptoribus
788 3221 979 3284 relata
1040 3221 1266 3284 fuerint
1283 3247 1301 3298 ;
1365 3242 1520 3304 quae
1583 3220 1826 3306 propria
1887 3220 2146 3297 habent,
2209 3221 2449 3285 minuta

435 3347 579 3403 sunt
637 3347 697 3404 et
756 3339 1044 3425 pleraque
1105 3340 1459 3404 commentis
1498 3340 1737 3403 similia.
1801 3339 2146 3424 Sapientiae
2185 3337 2449 3422 denique

434 3455 780 3522 Platonicae
840 3457 1023 3520 talem
1089 3457 1454 3522 adumbrant
1515 3457 1806 3542 effigiem,
1869 3457 1934 3522 in
1980 3479 2101 3541 qua
2143 3479 2268 3522 non
2323 3479 2452 3542 ger-

435 3597 615 3638 mana
658 3575 772 3640 viri
816 3574 1233 3661 philosophia,
1292 3575 1398 3640 sed
1445 3575 1838 3639 simulacrum
1870 3575 2113 3661 potius,
2147 3574 2449 3660 Pythago·
2505 3552 2518 3560 .

436 3694 576 3758 ricis
623 3694 977 3759 commentis
1024 3693 1461 3772 deformatum,
1511 3699 1815 3780 appareat.

526 3812 640 3876 His
685 3812 1023 3877 rationibus
1070 3813 1355 3890 efficitur,
1403 3811 1712 3897 Epistolas
1761 3834 1914 3897 opus
1964 3833 2092 3876 esse
2138 3809 2448 3876 habendas

436 3931 617 3996 otiosi
683 3931 945 3996 hominis
1015 3931 1110 3996 vel
1177 3931 1436 3996 rhetoris
1504 3929 1985 4013 φιλοπλάτωνος,
2057 3929 2183 3992 sive
2251 3928 2436 3992 unius

438 4052 563 4116 sive
607 4029 909 4136 plurium,
959 4052 1065 4136 qui
1110 4051 1371 4116 lectione
1417 4051 1586 4114 illius
1631 4049 1906 4116 imbutus
1956 4056 2018 4113 et
2049 4048 2323 4112 oratione
2355 4069 2448 4111 co-

437 4170 668 4234 loratus
730 4169 1005 4234 Platonis
1062 4171 1307 4234 nomine
1367 4170 1710 4256 apologiam
1766 4168 2026 4233 scribere
2072 4167 2188 4231 sibi
2234 4187 2452 4252 propo-

440 4287 662 4365 suerit,
733 4310 855 4371 qua
914 4288 1291 4352 aemulorum
1354 4295 1414 4353 et
1469 4287 1818 4352 invidorum
1879 4284 2202 4350 maledicta
2263 4285 2318 4348 ei
2362 4285 2450 4348 in-

2135 4403 2211 4460 16
