<?xml version="1.0" encoding="UTF-8"?>
<!DOCTYPE html PUBLIC "-//W3C//DTD XHTML 1.0 Transitional//EN"
    "http://www.w3.org/TR/xhtml1/DTD/xhtml1-transitional.dtd">
<html xmlns="http://www.w3.org/1999/xhtml" xml:lang="en" lang="en">
 <head>
  <title>
</title>
<meta http-equiv="Content-Type" content="text/html;charset=utf-8" />
  <meta name='ocr-system' content='tesseract 3.04.00' />
  <meta name='ocr-capabilities' content='ocr_page ocr_carea ocr_par ocr_line ocrx_word'/>
</head>
<body>
  <div class='ocr_page' id='page_1' title='image "./commentatiocrit01karsgoog_0124.png"; bbox 0 0 3092 5084; ppageno 0'>
   <div class='ocr_carea' id='block_1_1' title="bbox 1640 464 1722 523">
    <p class='ocr_par' dir='ltr' id='par_1_1' title="bbox 1640 464 1722 523">
     <span class='ocr_line' id='line_1_1' title="bbox 1640 464 1722 523; baseline -0.012 0"><span class='ocrx_word' id='word_1_1' title='bbox 1640 464 1722 523; x_wconf 82' lang='lat'><strong>96</strong></span> 
     </span>
    </p>
   </div>
   <div class='ocr_carea' id='block_1_2' title="bbox 664 667 2682 4311">
    <p class='ocr_par' dir='ltr' id='par_1_2' title="bbox 665 667 2682 3122">
     <span class='ocr_line' id='line_1_2' title="bbox 668 667 2677 752; baseline -0.001 -19"><span class='ocrx_word' id='word_1_2' title='bbox 668 676 831 734; x_wconf 87' lang='lat' dir='ltr'><strong>reete</strong></span> <span class='ocrx_word' id='word_1_3' title='bbox 898 667 1145 734; x_wconf 80' lang='lat' dir='ltr'><strong>additur</strong></span> <span class='ocrx_word' id='word_1_4' title='bbox 1200 688 1535 752; x_wconf 82' lang='lat' dir='ltr'><strong>pronomen</strong></span> <span class='ocrx_word' id='word_1_5' title='bbox 1595 674 1878 731; x_wconf 88' lang='lat' dir='ltr'><strong>neutrum</strong></span> <span class='ocrx_word' id='word_1_6' title='bbox 1937 668 2003 731; x_wconf 90' lang='lat' dir='ltr'><strong>in</strong></span> <span class='ocrx_word' id='word_1_7' title='bbox 2049 667 2390 731; x_wconf 81' lang='lat' dir='ltr'><strong>accusativo</strong></span> <span class='ocrx_word' id='word_1_8' title='bbox 2405 716 2424 745; x_wconf 93' lang='lat'>‚</span> <span class='ocrx_word' id='word_1_9' title='bbox 2471 668 2677 751; x_wconf 86' lang='lat' dir='ltr'><strong>itaque</strong></span> 
     </span>
     <span class='ocr_line' id='line_1_3' title="bbox 670 783 2681 865; baseline 0 -14"><span class='ocrx_word' id='word_1_10' title='bbox 670 794 833 853; x_wconf 89' lang='lat' dir='ltr'><strong>recte</strong></span> <span class='ocrx_word' id='word_1_11' title='bbox 892 786 1124 851; x_wconf 86' lang='lat' dir='ltr'><strong>dictum</strong></span> <span class='ocrx_word' id='word_1_12' title='bbox 1186 792 1343 850; x_wconf 82' lang='lat' dir='ltr'><strong>esset</strong></span> <span class='ocrx_word' id='word_1_13' title='bbox 1395 783 1423 851; x_wconf 79' lang='grc' dir='ltr'>ὃ</span> <span class='ocrx_word' id='word_1_14' title='bbox 1470 788 1520 852; x_wconf 81' lang='grc' dir='ltr'><strong>εἰ</strong></span> <span class='ocrx_word' id='word_1_15' title='bbox 1567 785 1690 864; x_wconf 71' lang='grc' dir='ltr'><strong>ἐμοὶ</strong></span> <span class='ocrx_word' id='word_1_16' title='bbox 1741 785 1863 852; x_wconf 86' lang='grc' dir='ltr'><strong><em>τότ’</em></strong></span> <span class='ocrx_word' id='word_1_17' title='bbox 1906 785 2156 865; x_wconf 82' lang='grc' dir='ltr'><strong><em>ἕπείθου;</em></strong></span> <span class='ocrx_word' id='word_1_18' title='bbox 2190 809 2328 851; x_wconf 91' lang='lat' dir='ltr'><strong>-non</strong></span> <span class='ocrx_word' id='word_1_19' title='bbox 2372 809 2514 851; x_wconf 82' lang='lat' dir='ltr'><strong>vero</strong></span> <span class='ocrx_word' id='word_1_20' title='bbox 2560 786 2681 851; x_wconf 89' lang='lat' dir='ltr'><strong>dici</strong></span> 
     </span>
     <span class='ocr_line' id='line_1_4' title="bbox 670 903 2680 991; baseline 0 -22"><span class='ocrx_word' id='word_1_21' title='bbox 670 913 873 991; x_wconf 83' lang='lat' dir='ltr'><strong>potest</strong></span> <span class='ocrx_word' id='word_1_22' title='bbox 930 903 995 982; x_wconf 77' lang='grc' dir='ltr'><strong>ἣν</strong></span> <span class='ocrx_word' id='word_1_23' title='bbox 1026 906 1369 984; x_wconf 65' lang='grc' dir='ltr'><strong><em>,ὁμολογίαν</em></strong></span> <span class='ocrx_word' id='word_1_24' title='bbox 1430 907 1479 971; x_wconf 78' lang='grc' dir='ltr'><strong>εἰ</strong></span> <span class='ocrx_word' id='word_1_25' title='bbox 1538 905 1663 984; x_wconf 77' lang='grc' dir='ltr'><strong>ἐμοὶ</strong></span> <span class='ocrx_word' id='word_1_26' title='bbox 1723 906 1960 972; x_wconf 81' lang='grc' dir='ltr'><strong><em>ἐπείθου.</em></strong></span> <span class='ocrx_word' id='word_1_27' title='bbox 2064 904 2414 970; x_wconf 82' lang='lat' dir='ltr'><strong>Obscurum</strong></span> <span class='ocrx_word' id='word_1_28' title='bbox 2475 913 2680 969; x_wconf 86' lang='lat' dir='ltr'><strong>autem</strong></span> 
     </span>
     <span class='ocr_line' id='line_1_5' title="bbox 667 1018 2682 1109; baseline -0 -21"><span class='ocrx_word' id='word_1_29' title='bbox 667 1032 760 1089; x_wconf 88' lang='lat' dir='ltr'><strong>est</strong></span> <span class='ocrx_word' id='word_1_30' title='bbox 774 1074 793 1102; x_wconf 92' lang='lat'><em>,</em></span> <span class='ocrx_word' id='word_1_31' title='bbox 870 1030 1079 1088; x_wconf 88' lang='lat' dir='ltr'><strong>utrum</strong></span> <span class='ocrx_word' id='word_1_32' title='bbox 1148 1023 1407 1109; x_wconf 81' lang='lat' dir='ltr'><strong>scriptor</strong></span> <span class='ocrx_word' id='word_1_33' title='bbox 1474 1018 1537 1099; x_wconf 75' lang='grc' dir='ltr'><strong>ἣν</strong></span> <span class='ocrx_word' id='word_1_34' title='bbox 1605 1023 1813 1087; x_wconf 84' lang='lat' dir='ltr'><strong>referri</strong></span> <span class='ocrx_word' id='word_1_35' title='bbox 1885 1022 2146 1088; x_wconf 86' lang='lat' dir='ltr'><strong>voluerit</strong></span> <span class='ocrx_word' id='word_1_36' title='bbox 2217 1022 2294 1088; x_wconf 86' lang='lat' dir='ltr'><strong>ad</strong></span> <span class='ocrx_word' id='word_1_37' title='bbox 2364 1024 2682 1103; x_wconf 72' lang='grc' dir='ltr'><em>ὁμολογίαν</em></span> 
     </span>
     <span class='ocr_line' id='line_1_6' title="bbox 670 1140 2676 1227; baseline -0 -20"><span class='ocrx_word' id='word_1_38' title='bbox 670 1166 748 1207; x_wconf 87' lang='lat' dir='ltr'><strong>an</strong></span> <span class='ocrx_word' id='word_1_39' title='bbox 791 1143 871 1207; x_wconf 87' lang='lat' dir='ltr'><strong>ad</strong></span> <span class='ocrx_word' id='word_1_40' title='bbox 911 1142 1231 1217; x_wconf 76' lang='grc' dir='ltr'><strong><em>οἰκειότητα</em></strong></span> <span class='ocrx_word' id='word_1_41' title='bbox 1243 1168 1264 1221; x_wconf 84' lang='lat'>3</span> <span class='ocrx_word' id='word_1_42' title='bbox 1312 1148 1473 1207; x_wconf 86' lang='lat' dir='ltr'><strong>certe</strong></span> <span class='ocrx_word' id='word_1_43' title='bbox 1516 1140 1674 1205; x_wconf 84' lang='lat' dir='ltr'><strong>illud</strong></span> <span class='ocrx_word' id='word_1_44' title='bbox 1719 1141 1952 1223; x_wconf 84' lang='grc' dir='ltr'><strong><em>φράζων</em></strong></span> <span class='ocrx_word' id='word_1_45' title='bbox 1993 1143 2097 1217; x_wconf 67' lang='grc' dir='ltr'><strong>τὴν</strong></span> <span class='ocrx_word' id='word_1_46' title='bbox 2139 1143 2456 1217; x_wconf 79' lang='grc' dir='ltr'><strong><em>οἰκειότητα</em></strong></span> <span class='ocrx_word' id='word_1_47' title='bbox 2472 1195 2491 1219; x_wconf 90' lang='grc'><em>,</em></span> <span class='ocrx_word' id='word_1_48' title='bbox 2552 1162 2676 1227; x_wconf 88' lang='lat' dir='ltr'><strong>quo</strong></span> 
     </span>
     <span class='ocr_line' id='line_1_7' title="bbox 666 1258 2678 1347; baseline 0 -22"><span class='ocrx_word' id='word_1_49' title='bbox 666 1261 983 1346; x_wconf 79' lang='lat' dir='ltr'><strong>emphasin</strong></span> <span class='ocrx_word' id='word_1_50' title='bbox 1041 1258 1262 1325; x_wconf 83' lang='lat' dir='ltr'><strong>addere</strong></span> <span class='ocrx_word' id='word_1_51' title='bbox 1318 1260 1455 1324; x_wconf 87' lang='lat' dir='ltr'><strong>vult</strong></span> <span class='ocrx_word' id='word_1_52' title='bbox 1500 1258 1682 1324; x_wconf 88' lang='lat' dir='ltr'><strong>verbo</strong></span> <span class='ocrx_word' id='word_1_53' title='bbox 1726 1261 2150 1340; x_wconf 71' lang='grc' dir='ltr'><strong><em>οἰκειωσάμενον</em></strong></span> <span class='ocrx_word' id='word_1_54' title='bbox 2166 1310 2185 1339; x_wconf 89' lang='grc'><strong><em>,</em></strong></span> <span class='ocrx_word' id='word_1_55' title='bbox 2233 1261 2438 1345; x_wconf 89' lang='lat' dir='ltr'><strong>inepte</strong></span> <span class='ocrx_word' id='word_1_56' title='bbox 2483 1260 2678 1347; x_wconf 88' lang='lat' dir='ltr'><strong>adjec-</strong></span> 
     </span>
     <span class='ocr_line' id='line_1_8' title="bbox 668 1378 2677 1465; baseline 0 -22"><span class='ocrx_word' id='word_1_57' title='bbox 668 1385 804 1443; x_wconf 84' lang='lat' dir='ltr'><strong>tum</strong></span> <span class='ocrx_word' id='word_1_58' title='bbox 870 1387 981 1443; x_wconf 87' lang='lat' dir='ltr'><strong>est.</strong></span> <span class='ocrx_word' id='word_1_59' title='bbox 1072 1378 1281 1442; x_wconf 81' lang='lat' dir='ltr'><strong>Simile</strong></span> <span class='ocrx_word' id='word_1_60' title='bbox 1342 1387 1545 1443; x_wconf 89' lang='lat' dir='ltr'><strong>autem</strong></span> <span class='ocrx_word' id='word_1_61' title='bbox 1605 1378 1823 1443; x_wconf 81' lang='lat' dir='ltr'><strong>vitium</strong></span> <span class='ocrx_word' id='word_1_62' title='bbox 1887 1386 1978 1443; x_wconf 87' lang='lat' dir='ltr'><strong>est</strong></span> <span class='ocrx_word' id='word_1_63' title='bbox 2020 1379 2217 1465; x_wconf 82' lang='lat' dir='ltr'><strong>Epist.</strong></span> <span class='ocrx_word' id='word_1_64' title='bbox 2265 1378 2359 1443; x_wconf 82' lang='lat' dir='ltr'><strong>VI</strong></span> <span class='ocrx_word' id='word_1_65' title='bbox 2374 1430 2393 1459; x_wconf 93' lang='lat'>‚</span> <span class='ocrx_word' id='word_1_66' title='bbox 2442 1382 2572 1444; x_wconf 80' lang='lat'><strong>323</strong></span> <span class='ocrx_word' id='word_1_67' title='bbox 2623 1380 2677 1443; x_wconf 89' lang='lat' dir='ltr'>B</span> 
     </span>
     <span class='ocr_line' id='line_1_9' title="bbox 670 1495 2678 1583; baseline 0 -22"><span class='ocrx_word' id='word_1_68' title='bbox 670 1495 753 1561; x_wconf 81' lang='lat' dir='ltr'><strong>O:</strong></span> <span class='ocrx_word' id='word_1_69' title='bbox 824 1496 1095 1574; x_wconf 74' lang='grc' dir='ltr'><strong>ξυνδῆσαι</strong></span> <span class='ocrx_word' id='word_1_70' title='bbox 1167 1497 1348 1562; x_wconf 90' lang='grc' dir='ltr'><strong><em>πάλιν</em></strong></span> <span class='ocrx_word' id='word_1_71' title='bbox 1407 1500 1487 1570; x_wconf 80' lang='grc' dir='ltr'><strong>εἷς</strong></span> <span class='ocrx_word' id='word_1_72' title='bbox 1544 1498 1648 1573; x_wconf 65' lang='grc' dir='ltr'><strong>τὴν</strong></span> <span class='ocrx_word' id='word_1_73' title='bbox 1708 1499 2196 1579; x_wconf 78' lang='grc' dir='ltr'><strong><em>προϋπαρχούσαν</em></strong></span> <span class='ocrx_word' id='word_1_74' title='bbox 2255 1498 2553 1583; x_wconf 77' lang='grc' dir='ltr'><strong><em>φιλότητά</em></strong></span> <span class='ocrx_word' id='word_1_75' title='bbox 2610 1523 2678 1563; x_wconf 87' lang='grc' dir='ltr'><strong>τε</strong></span> 
     </span>
     <span class='ocr_line' id='line_1_10' title="bbox 666 1605 2680 1701; baseline 0 -21"><span class='ocrx_word' id='word_1_76' title='bbox 666 1616 764 1680; x_wconf 74' lang='grc' dir='ltr'><strong>καὶ</strong></span> <span class='ocrx_word' id='word_1_77' title='bbox 843 1616 1127 1681; x_wconf 73' lang='grc' dir='ltr'><strong><em>κοινωνίαν</em></strong></span> <span class='ocrx_word' id='word_1_78' title='bbox 1140 1664 1159 1692; x_wconf 89' lang='grc'>,</span> <span class='ocrx_word' id='word_1_79' title='bbox 1239 1611 1304 1691; x_wconf 73' lang='grc' dir='ltr'><strong>ἣν</strong></span> <span class='ocrx_word' id='word_1_80' title='bbox 1374 1612 1511 1681; x_wconf 75' lang='grc' dir='ltr'><strong><em>ὅταν</em></strong></span> <span class='ocrx_word' id='word_1_81' title='bbox 1576 1616 1682 1695; x_wconf 80' lang='grc' dir='ltr'><strong>μὲν</strong></span> <span class='ocrx_word' id='word_1_82' title='bbox 1748 1605 2160 1699; x_wconf 72' lang='grc' dir='ltr'><strong><em>φιλοσοφῶμεν</em></strong></span> <span class='ocrx_word' id='word_1_83' title='bbox 2225 1619 2326 1682; x_wconf 79' lang='grc' dir='ltr'><strong>κτὲ</strong></span> <span class='ocrx_word' id='word_1_84' title='bbox 2337 1667 2356 1701; x_wconf 85' lang='grc'>,</span> <span class='ocrx_word' id='word_1_85' title='bbox 2437 1616 2547 1681; x_wconf 91' lang='lat' dir='ltr'><strong>ubi</strong></span> <span class='ocrx_word' id='word_1_86' title='bbox 2615 1612 2680 1693; x_wconf 73' lang='grc' dir='ltr'><strong>ἣν</strong></span> 
     </span>
     <span class='ocr_line' id='line_1_11' title="bbox 665 1732 2671 1819; baseline 0 -22"><span class='ocrx_word' id='word_1_87' title='bbox 665 1734 810 1797; x_wconf 81' lang='lat' dir='ltr'><strong>item</strong></span> <span class='ocrx_word' id='word_1_88' title='bbox 854 1732 1242 1805; x_wconf 78' lang='grc' dir='ltr'><strong><em>άνακολούθως</em></strong></span> <span class='ocrx_word' id='word_1_89' title='bbox 1288 1740 1380 1797; x_wconf 86' lang='lat' dir='ltr'><strong>est</strong></span> <span class='ocrx_word' id='word_1_90' title='bbox 1422 1733 1711 1819; x_wconf 86' lang='lat' dir='ltr'><strong>positum.</strong></span> <span class='ocrx_word' id='word_1_91' title='bbox 1805 1734 2018 1799; x_wconf 81' lang='lat' dir='ltr'><strong>Altera</strong></span> <span class='ocrx_word' id='word_1_92' title='bbox 2059 1735 2225 1799; x_wconf 83' lang='lat' dir='ltr'><strong>labes</strong></span> <span class='ocrx_word' id='word_1_93' title='bbox 2273 1742 2364 1799; x_wconf 87' lang='lat' dir='ltr'><strong>est</strong></span> <span class='ocrx_word' id='word_1_94' title='bbox 2409 1735 2474 1799; x_wconf 90' lang='lat' dir='ltr'><strong>in</strong></span> <span class='ocrx_word' id='word_1_95' title='bbox 2520 1735 2671 1799; x_wconf 87' lang='lat' dir='ltr'><strong>hoc:</strong></span> 
     </span>
     <span class='ocr_line' id='line_1_12' title="bbox 667 1849 2680 1935; baseline 0.002 -20"><span class='ocrx_word' id='word_1_96' title='bbox 667 1850 897 1929; x_wconf 80' lang='grc' dir='ltr'><strong><em>βέλτιον</em></strong></span> <span class='ocrx_word' id='word_1_97' title='bbox 941 1856 1051 1916; x_wconf 82' lang='grc' dir='ltr'><strong>τῶν</strong></span> <span class='ocrx_word' id='word_1_98' title='bbox 1096 1857 1191 1915; x_wconf 81' lang='grc' dir='ltr'><strong>νῦν</strong></span> <span class='ocrx_word' id='word_1_99' title='bbox 1234 1851 1553 1928; x_wconf 76' lang='grc' dir='ltr'><strong><em>γεγονότων</em></strong></span> <span class='ocrx_word' id='word_1_100' title='bbox 1600 1851 1746 1931; x_wconf 81' lang='grc' dir='ltr'><strong><em>ἔσχε</em></strong></span> <span class='ocrx_word' id='word_1_101' title='bbox 1789 1852 1894 1917; x_wconf 89' lang='grc' dir='ltr'><strong><em>σοι’.</em></strong></span> <span class='ocrx_word' id='word_1_102' title='bbox 1987 1851 2227 1917; x_wconf 78' lang='lat' dir='ltr'><strong>Tritum</strong></span> <span class='ocrx_word' id='word_1_103' title='bbox 2273 1861 2364 1918; x_wconf 85' lang='lat' dir='ltr'><strong>est</strong></span> <span class='ocrx_word' id='word_1_104' title='bbox 2409 1849 2472 1919; x_wconf 76' lang='grc' dir='ltr'><strong>εὖ</strong></span> <span class='ocrx_word' id='word_1_105' title='bbox 2512 1854 2639 1935; x_wconf 80' lang='grc' dir='ltr'><strong><em>ἔχει</em></strong></span> <span class='ocrx_word' id='word_1_106' title='bbox 2661 1903 2680 1931; x_wconf 88' lang='grc'>,</span> 
     </span>
     <span class='ocr_line' id='line_1_13' title="bbox 668 1968 2674 2054; baseline 0.001 -21"><span class='ocrx_word' id='word_1_107' title='bbox 668 1968 889 2034; x_wconf 83' lang='lat' dir='ltr'><strong>similia</strong></span> <span class='ocrx_word' id='word_1_108' title='bbox 895 1995 914 2047; x_wconf 82' lang='lat'><em>3</em></span> <span class='ocrx_word' id='word_1_109' title='bbox 977 1968 1098 2034; x_wconf 89' lang='lat' dir='ltr'><strong>dici</strong></span> <span class='ocrx_word' id='word_1_110' title='bbox 1156 1970 1347 2053; x_wconf 86' lang='lat' dir='ltr'><strong>igitur</strong></span> <span class='ocrx_word' id='word_1_111' title='bbox 1405 1976 1606 2054; x_wconf 88' lang='lat' dir='ltr'><strong>potest</strong></span> <span class='ocrx_word' id='word_1_112' title='bbox 1664 1975 1758 2035; x_wconf 79' lang='grc' dir='ltr'><strong>νῦν</strong></span> <span class='ocrx_word' id='word_1_113' title='bbox 1821 1969 2051 2048; x_wconf 82' lang='grc' dir='ltr'><strong><em>βέλτιον</em></strong></span> <span class='ocrx_word' id='word_1_114' title='bbox 2111 1970 2238 2052; x_wconf 80' lang='grc' dir='ltr'><strong><em>ἔχει</em></strong></span> <span class='ocrx_word' id='word_1_115' title='bbox 2299 1972 2332 2047; x_wconf 80' lang='grc' dir='ltr'>ἢ</span> <span class='ocrx_word' id='word_1_116' title='bbox 2390 1973 2494 2052; x_wconf 84' lang='grc' dir='ltr'><strong>πρὸ</strong></span> <span class='ocrx_word' id='word_1_117' title='bbox 2537 1978 2641 2036; x_wconf 80' lang='grc' dir='ltr'><strong>τοῦ</strong></span> <span class='ocrx_word' id='word_1_118' title='bbox 2655 2020 2674 2049; x_wconf 89' lang='grc'><strong><em>,</em></strong></span> 
     </span>
     <span class='ocr_line' id='line_1_14' title="bbox 670 2073 2680 2170; baseline 0 -18"><span class='ocrx_word' id='word_1_119' title='bbox 670 2110 794 2152; x_wconf 88' lang='lat' dir='ltr'><strong>non</strong></span> <span class='ocrx_word' id='word_1_120' title='bbox 855 2110 995 2152; x_wconf 83' lang='lat' dir='ltr'><strong>vero</strong></span> <span class='ocrx_word' id='word_1_121' title='bbox 1055 2073 1289 2165; x_wconf 65' lang='grc' dir='ltr'><strong><em>Βέλτιον</em></strong></span> <span class='ocrx_word' id='word_1_122' title='bbox 1349 2089 1475 2167; x_wconf 75' lang='grc' dir='ltr'><strong><em>ἔχει</em></strong></span> <span class='ocrx_word' id='word_1_123' title='bbox 1538 2094 1649 2153; x_wconf 81' lang='grc' dir='ltr'><strong>τῶν</strong></span> <span class='ocrx_word' id='word_1_124' title='bbox 1693 2090 1968 2170; x_wconf 76' lang='grc' dir='ltr'><strong><em>προτέρων</em></strong></span> <span class='ocrx_word' id='word_1_125' title='bbox 2015 2089 2109 2153; x_wconf 84' lang='lat' dir='ltr'><strong>vel</strong></span> <span class='ocrx_word' id='word_1_126' title='bbox 2152 2098 2262 2155; x_wconf 79' lang='grc' dir='ltr'><strong>τῶν</strong></span> <span class='ocrx_word' id='word_1_127' title='bbox 2305 2096 2401 2157; x_wconf 78' lang='grc' dir='ltr'><strong>νῦν</strong></span> <span class='ocrx_word' id='word_1_128' title='bbox 2445 2086 2680 2169; x_wconf 79' lang='grc' dir='ltr'><strong><em>γεγονό-</em></strong></span> 
     </span>
     <span class='ocr_line' id='line_1_15' title="bbox 668 2206 2677 2289; baseline 0 -18"><span class='ocrx_word' id='word_1_129' title='bbox 668 2230 814 2285; x_wconf 76' lang='grc' dir='ltr'><strong><em>των;</em></strong></span> <span class='ocrx_word' id='word_1_130' title='bbox 860 2206 925 2269; x_wconf 87' lang='lat' dir='ltr'><strong>in</strong></span> <span class='ocrx_word' id='word_1_131' title='bbox 971 2206 1085 2271; x_wconf 87' lang='lat' dir='ltr'><strong>hac</strong></span> <span class='ocrx_word' id='word_1_132' title='bbox 1130 2206 1580 2269; x_wconf 85' lang='lat' dir='ltr'><strong>constructione</strong></span> <span class='ocrx_word' id='word_1_133' title='bbox 1626 2228 1867 2271; x_wconf 86' lang='lat' dir='ltr'><strong>necesse</strong></span> <span class='ocrx_word' id='word_1_134' title='bbox 1913 2215 2004 2272; x_wconf 83' lang='lat' dir='ltr'><strong>est</strong></span> <span class='ocrx_word' id='word_1_135' title='bbox 2049 2206 2193 2271; x_wconf 87' lang='lat' dir='ltr'><strong>addi</strong></span> <span class='ocrx_word' id='word_1_136' title='bbox 2228 2208 2309 2273; x_wconf 71' lang='grc' dir='ltr'><strong>τοὶ</strong></span> <span class='ocrx_word' id='word_1_137' title='bbox 2339 2207 2677 2289; x_wconf 76' lang='grc' dir='ltr'><strong><em>πράγματα</em></strong></span> 
     </span>
     <span class='ocr_line' id='line_1_16' title="bbox 672 2323 2676 2420; baseline 0.001 -32"><span class='ocrx_word' id='word_1_138' title='bbox 672 2331 734 2388; x_wconf 90' lang='grc' dir='ltr'><strong>θῖ</strong></span> <span class='ocrx_word' id='word_1_139' title='bbox 796 2323 976 2389; x_wconf 85' lang='lat' dir='ltr'><strong>scribi</strong></span> <span class='ocrx_word' id='word_1_140' title='bbox 1037 2325 1343 2420; x_wconf 84' lang='lat' dir='ltr'><strong>oportuit:</strong></span> <span class='ocrx_word' id='word_1_141' title='bbox 1411 2325 1642 2403; x_wconf 83' lang='grc' dir='ltr'><strong><em>βέλτιον</em></strong></span> <span class='ocrx_word' id='word_1_142' title='bbox 1700 2331 1812 2390; x_wconf 80' lang='grc' dir='ltr'><strong>τῶν</strong></span> <span class='ocrx_word' id='word_1_143' title='bbox 1873 2332 1967 2391; x_wconf 79' lang='grc' dir='ltr'><strong>νῦν</strong></span> <span class='ocrx_word' id='word_1_144' title='bbox 2026 2328 2346 2404; x_wconf 78' lang='grc' dir='ltr'><strong><em>γεγονότων</em></strong></span> <span class='ocrx_word' id='word_1_145' title='bbox 2393 2328 2538 2407; x_wconf 80' lang='grc' dir='ltr'><strong><em>ἔσχε</em></strong></span> <span class='ocrx_word' id='word_1_146' title='bbox 2583 2328 2676 2391; x_wconf 72' lang='grc' dir='ltr'><strong>τά</strong></span> 
     </span>
     <span class='ocr_line' id='line_1_17' title="bbox 669 2442 2675 2528; baseline 0.001 -19"><span class='ocrx_word' id='word_1_147' title='bbox 669 2442 1075 2524; x_wconf 80' lang='grc' dir='ltr'><strong><em>πράγματα</em></strong></span> <span class='ocrx_word' id='word_1_148' title='bbox 1118 2467 1201 2508; x_wconf 90' lang='grc' dir='ltr'><strong><em>σοι</em></strong></span> <span class='ocrx_word' id='word_1_149' title='bbox 1249 2465 1379 2527; x_wconf 89' lang='lat' dir='ltr'>sqq.</span> <span class='ocrx_word' id='word_1_150' title='bbox 1450 2442 1621 2508; x_wconf 91' lang='lat' dir='ltr'><strong>Haec</strong></span> <span class='ocrx_word' id='word_1_151' title='bbox 1667 2444 1904 2528; x_wconf 89' lang='lat' dir='ltr'><strong>aliaque</strong></span> <span class='ocrx_word' id='word_1_152' title='bbox 1949 2445 2298 2509; x_wconf 84' lang='lat' dir='ltr'><strong>huiusmodi</strong></span> <span class='ocrx_word' id='word_1_153' title='bbox 2343 2446 2492 2509; x_wconf 83' lang='lat' dir='ltr'><strong>vitia</strong></span> <span class='ocrx_word' id='word_1_154' title='bbox 2529 2448 2675 2511; x_wconf 86' lang='lat' dir='ltr'><strong>talia</strong></span> 
     </span>
     <span class='ocr_line' id='line_1_18' title="bbox 667 2560 2676 2649; baseline 0.003 -25"><span class='ocrx_word' id='word_1_155' title='bbox 667 2568 815 2625; x_wconf 88' lang='lat' dir='ltr'><strong>sunt</strong></span> <span class='ocrx_word' id='word_1_156' title='bbox 875 2569 947 2626; x_wconf 90' lang='lat' dir='ltr'><strong>ut</strong></span> <span class='ocrx_word' id='word_1_157' title='bbox 1004 2562 1243 2646; x_wconf 84' lang='lat' dir='ltr'><strong>facilius</strong></span> <span class='ocrx_word' id='word_1_158' title='bbox 1302 2560 1548 2625; x_wconf 87' lang='lat' dir='ltr'><strong>librario</strong></span> <span class='ocrx_word' id='word_1_159' title='bbox 1610 2584 1794 2647; x_wconf 88' lang='lat' dir='ltr'><strong>quam</strong></span> <span class='ocrx_word' id='word_1_160' title='bbox 1852 2564 2128 2649; x_wconf 84' lang='lat' dir='ltr'><strong>scriptori</strong></span> <span class='ocrx_word' id='word_1_161' title='bbox 2184 2564 2509 2630; x_wconf 87' lang='lat' dir='ltr'><strong>tribuenda</strong></span> <span class='ocrx_word' id='word_1_162' title='bbox 2553 2588 2676 2630; x_wconf 88' lang='lat' dir='ltr'><strong>cre-</strong></span> 
     </span>
     <span class='ocr_line' id='line_1_19' title="bbox 669 2677 2672 2769; baseline 0.003 -28"><span class='ocrx_word' id='word_1_163' title='bbox 669 2677 837 2742; x_wconf 87' lang='lat' dir='ltr'><strong>deres</strong></span> <span class='ocrx_word' id='word_1_164' title='bbox 852 2727 872 2757; x_wconf 91' lang='lat'><em>,</em></span> <span class='ocrx_word' id='word_1_165' title='bbox 934 2679 1053 2742; x_wconf 87' lang='lat' dir='ltr'><strong>nisi</strong></span> <span class='ocrx_word' id='word_1_166' title='bbox 1112 2686 1205 2743; x_wconf 90' lang='lat' dir='ltr'><strong>tot</strong></span> <span class='ocrx_word' id='word_1_167' title='bbox 1266 2679 1496 2763; x_wconf 87' lang='lat' dir='ltr'><strong>ubique</strong></span> <span class='ocrx_word' id='word_1_168' title='bbox 1544 2688 1848 2745; x_wconf 85' lang='lat' dir='ltr'><strong>exstarent</strong></span> <span class='ocrx_word' id='word_1_169' title='bbox 1891 2681 2117 2746; x_wconf 88' lang='lat' dir='ltr'><strong>indicia</strong></span> <span class='ocrx_word' id='word_1_170' title='bbox 2161 2706 2316 2767; x_wconf 90' lang='lat' dir='ltr'><strong>quac</strong></span> <span class='ocrx_word' id='word_1_171' title='bbox 2363 2684 2672 2769; x_wconf 87' lang='lat' dir='ltr'><strong>scriptoris</strong></span> 
     </span>
     <span class='ocr_line' id='line_1_20' title="bbox 668 2796 2675 2886; baseline 0.002 -26"><span class='ocrx_word' id='word_1_172' title='bbox 668 2796 765 2861; x_wconf 84' lang='lat' dir='ltr'><strong>vel</strong></span> <span class='ocrx_word' id='word_1_173' title='bbox 833 2798 1169 2880; x_wconf 81' lang='lat' dir='ltr'><strong>quaesitam</strong></span> <span class='ocrx_word' id='word_1_174' title='bbox 1237 2798 1670 2883; x_wconf 81' lang='lat' dir='ltr'><strong>negligentiam</strong></span> <span class='ocrx_word' id='word_1_175' title='bbox 1739 2800 1835 2863; x_wconf 86' lang='lat' dir='ltr'><strong>vel</strong></span> <span class='ocrx_word' id='word_1_176' title='bbox 1896 2801 2198 2866; x_wconf 87' lang='lat' dir='ltr'><strong>inscitiam</strong></span> <span class='ocrx_word' id='word_1_177' title='bbox 2259 2810 2559 2886; x_wconf 79' lang='lat' dir='ltr'><strong>arguunt3</strong></span> <span class='ocrx_word' id='word_1_178' title='bbox 2623 2803 2675 2865; x_wconf 86' lang='lat' dir='ltr'><strong>si</strong></span> 
     </span>
     <span class='ocr_line' id='line_1_21' title="bbox 668 2915 2675 3006; baseline 0.003 -27"><span class='ocrx_word' id='word_1_179' title='bbox 668 2922 871 2980; x_wconf 88' lang='lat' dir='ltr'><strong>tamen</strong></span> <span class='ocrx_word' id='word_1_180' title='bbox 930 2915 1162 2981; x_wconf 86' lang='lat' dir='ltr'><strong>librarii</strong></span> <span class='ocrx_word' id='word_1_181' title='bbox 1222 2924 1313 2981; x_wconf 83' lang='lat' dir='ltr'><strong>est</strong></span> <span class='ocrx_word' id='word_1_182' title='bbox 1373 2918 1554 3002; x_wconf 89' lang='lat' dir='ltr'><strong>culpa</strong></span> <span class='ocrx_word' id='word_1_183' title='bbox 1574 2968 1593 2996; x_wconf 94' lang='lat'>‚</span> <span class='ocrx_word' id='word_1_184' title='bbox 1652 2918 1822 2982; x_wconf 84' lang='lat' dir='ltr'><strong>locus</strong></span> <span class='ocrx_word' id='word_1_185' title='bbox 1868 2918 2318 3003; x_wconf 79' lang='lat' dir='ltr'><strong>aliquant-ulum</strong></span> <span class='ocrx_word' id='word_1_186' title='bbox 2357 2922 2675 3006; x_wconf 77' lang='lat' dir='ltr'><strong>juvaretur</strong></span> 
     </span>
     <span class='ocr_line' id='line_1_22' title="bbox 670 3036 2273 3122; baseline 0.004 -23"><span class='ocrx_word' id='word_1_187' title='bbox 670 3036 758 3099; x_wconf 84' lang='lat' dir='ltr'><strong>sic</strong></span> <span class='ocrx_word' id='word_1_188' title='bbox 801 3036 1093 3120; x_wconf 82' lang='lat' dir='ltr'><strong>legendo:</strong></span> <span class='ocrx_word' id='word_1_189' title='bbox 1140 3036 1343 3118; x_wconf 86' lang='grc' dir='ltr'><strong><em>φράζω</em></strong></span> <span class='ocrx_word' id='word_1_190' title='bbox 1388 3046 1493 3112; x_wconf 79' lang='grc' dir='ltr'><strong>τῆν</strong></span> <span class='ocrx_word' id='word_1_191' title='bbox 1538 3038 1886 3122; x_wconf 77' lang='grc' dir='ltr'><strong><em>οἰκειότητα,</em></strong></span> <span class='ocrx_word' id='word_1_192' title='bbox 1932 3039 1999 3103; x_wconf 81' lang='grc' dir='ltr'><strong><em>δι’</em></strong></span> <span class='ocrx_word' id='word_1_193' title='bbox 2044 3036 2107 3114; x_wconf 79' lang='grc' dir='ltr'><strong>ἣν</strong></span> <span class='ocrx_word' id='word_1_194' title='bbox 2153 3042 2273 3105; x_wconf 82' lang='grc' dir='ltr'><strong><em>κτὲ.</em></strong></span> 
     </span>
    </p>

    <p class='ocr_par' dir='ltr' id='par_1_3' title="bbox 664 3153 2674 4311">
     <span class='ocr_line' id='line_1_23' title="bbox 757 3153 2670 3242; baseline 0.002 -24"><span class='ocrx_word' id='word_1_195' title='bbox 757 3153 955 3218; x_wconf 90' lang='lat' dir='ltr'><strong>Priori</strong></span> <span class='ocrx_word' id='word_1_196' title='bbox 1030 3154 1319 3239; x_wconf 86' lang='lat' dir='ltr'><strong>epistolae</strong></span> <span class='ocrx_word' id='word_1_197' title='bbox 1386 3156 1545 3241; x_wconf 89' lang='lat' dir='ltr'><strong>parti</strong></span> <span class='ocrx_word' id='word_1_198' title='bbox 1613 3156 1794 3220; x_wconf 89' lang='lat' dir='ltr'><strong>finem</strong></span> <span class='ocrx_word' id='word_1_199' title='bbox 1849 3158 2176 3242; x_wconf 89' lang='lat' dir='ltr'><strong>imponunt</strong></span> <span class='ocrx_word' id='word_1_200' title='bbox 2241 3158 2389 3221; x_wconf 84' lang='lat' dir='ltr'><strong>haee</strong></span> <span class='ocrx_word' id='word_1_201' title='bbox 2455 3158 2637 3223; x_wconf 86' lang='lat' dir='ltr'><strong>verba</strong></span> <span class='ocrx_word' id='word_1_202' title='bbox 2651 3208 2670 3237; x_wconf 88' lang='lat'><em>‚</em></span> 
     </span>
     <span class='ocr_line' id='line_1_24' title="bbox 671 3270 2671 3357; baseline 0.003 -21"><span class='ocrx_word' id='word_1_203' title='bbox 671 3295 731 3357; x_wconf 90' lang='lat' dir='ltr'><strong>p.</strong></span> <span class='ocrx_word' id='word_1_204' title='bbox 780 3274 909 3335; x_wconf 77' lang='lat'><strong>318</strong></span> <span class='ocrx_word' id='word_1_205' title='bbox 954 3270 1037 3335; x_wconf 83' lang='lat' dir='ltr'><strong>E:</strong></span> <span class='ocrx_word' id='word_1_206' title='bbox 1082 3272 1249 3338; x_wconf 75' lang='grc' dir='ltr'><strong><em>άλλα</em></strong></span> <span class='ocrx_word' id='word_1_207' title='bbox 1294 3278 1492 3341; x_wconf 81' lang='grc' dir='ltr'><strong><em>ταῦτα</em></strong></span> <span class='ocrx_word' id='word_1_208' title='bbox 1522 3273 1629 3352; x_wconf 81' lang='grc' dir='ltr'><strong>μὲν</strong></span> <span class='ocrx_word' id='word_1_209' title='bbox 1671 3275 1862 3355; x_wconf 63' lang='grc' dir='ltr'><strong><em>ταύτῃ</em></strong></span> <span class='ocrx_word' id='word_1_210' title='bbox 1905 3274 2189 3354; x_wconf 81' lang='grc' dir='ltr'><strong><em>γενόμενα</em></strong></span> <span class='ocrx_word' id='word_1_211' title='bbox 2232 3277 2336 3350; x_wconf 69' lang='grc' dir='ltr'><strong>τὴν</strong></span> <span class='ocrx_word' id='word_1_212' title='bbox 2387 3278 2529 3355; x_wconf 70' lang='grc' dir='ltr'><strong><em>ἐμὴν</em></strong></span> <span class='ocrx_word' id='word_1_213' title='bbox 2573 3277 2671 3341; x_wconf 75' lang='grc' dir='ltr'><strong>καὶ</strong></span> 
     </span>
     <span class='ocr_line' id='line_1_25' title="bbox 674 3392 2672 3473; baseline 0.003 -18"><span class='ocrx_word' id='word_1_214' title='bbox 674 3392 777 3466; x_wconf 69' lang='grc' dir='ltr'><strong>σὺν</strong></span> <span class='ocrx_word' id='word_1_215' title='bbox 835 3392 1184 3471; x_wconf 73' lang='grc' dir='ltr'><strong><em>λυκοφιλίαν</em></strong></span> <span class='ocrx_word' id='word_1_216' title='bbox 1244 3392 1341 3456; x_wconf 76' lang='grc' dir='ltr'><strong>καὶ</strong></span> <span class='ocrx_word' id='word_1_217' title='bbox 1409 3394 1735 3458; x_wconf 84' lang='grc' dir='ltr'><strong><em>άκοινωνίαν</em></strong></span> <span class='ocrx_word' id='word_1_218' title='bbox 1777 3392 2201 3473; x_wconf 67' lang='grc' dir='ltr'><strong><em>ἀπειργάσατο.</em></strong></span> <span class='ocrx_word' id='word_1_219' title='bbox 2287 3394 2672 3460; x_wconf 80' lang='lat' dir='ltr'><strong>Vocabulum</strong></span> 
     </span>
     <span class='ocr_line' id='line_1_26' title="bbox 666 3509 2669 3593; baseline 0.002 -20"><span class='ocrx_word' id='word_1_220' title='bbox 666 3509 983 3591; x_wconf 80' lang='grc' dir='ltr'><strong><em>λυκοφιλία</em></strong></span> <span class='ocrx_word' id='word_1_221' title='bbox 1054 3510 1343 3575; x_wconf 81' lang='lat' dir='ltr'><strong>flosculus</strong></span> <span class='ocrx_word' id='word_1_222' title='bbox 1420 3517 1511 3575; x_wconf 88' lang='lat' dir='ltr'><strong>est</strong></span> <span class='ocrx_word' id='word_1_223' title='bbox 1586 3535 1619 3576; x_wconf 92' lang='lat' dir='ltr'><strong>e</strong></span> <span class='ocrx_word' id='word_1_224' title='bbox 1680 3512 2016 3576; x_wconf 86' lang='lat' dir='ltr'><strong>Menandro</strong></span> <span class='ocrx_word' id='word_1_225' title='bbox 2078 3513 2329 3577; x_wconf 85' lang='lat' dir='ltr'><strong>fortasse</strong></span> <span class='ocrx_word' id='word_1_226' title='bbox 2389 3514 2633 3578; x_wconf 84' lang='lat' dir='ltr'><strong>additus</strong></span> <span class='ocrx_word' id='word_1_227' title='bbox 2650 3564 2669 3593; x_wconf 93' lang='lat'>‚</span> 
     </span>
     <span class='ocr_line' id='line_1_27' title="bbox 677 3628 2674 3717; baseline 0.004 -27"><span class='ocrx_word' id='word_1_228' title='bbox 677 3628 853 3692; x_wconf 87' lang='lat' dir='ltr'><strong>cuius</strong></span> <span class='ocrx_word' id='word_1_229' title='bbox 898 3628 1262 3694; x_wconf 80' lang='lat' dir='ltr'><strong>versiculum</strong></span> <span class='ocrx_word' id='word_1_230' title='bbox 1314 3632 1549 3695; x_wconf 84' lang='lat' dir='ltr'><strong>notavit</strong></span> <span class='ocrx_word' id='word_1_231' title='bbox 1601 3631 1814 3695; x_wconf 86' lang='lat' dir='ltr'><strong>Aelius</strong></span> <span class='ocrx_word' id='word_1_232' title='bbox 1851 3632 2182 3717; x_wconf 85' lang='lat' dir='ltr'><strong>Dionysius</strong></span> <span class='ocrx_word' id='word_1_233' title='bbox 2199 3683 2216 3710; x_wconf 93' lang='lat'><strong><em>,</em></strong></span> <span class='ocrx_word' id='word_1_234' title='bbox 2265 3640 2418 3697; x_wconf 86' lang='lat' dir='ltr'><strong>teste</strong></span> <span class='ocrx_word' id='word_1_235' title='bbox 2457 3633 2674 3699; x_wconf 83' lang='lat' dir='ltr'><strong>Eusta-</strong></span> 
     </span>
     <span class='ocr_line' id='line_1_28' title="bbox 669 3745 2666 3834; baseline 0.005 -25"><span class='ocrx_word' id='word_1_236' title='bbox 669 3745 829 3811; x_wconf 80' lang='lat' dir='ltr'><strong>thio:</strong></span> <span class='ocrx_word' id='word_1_237' title='bbox 901 3748 1066 3828; x_wconf 76' lang='grc' dir='ltr'><strong><em>παρα</em></strong></span> <span class='ocrx_word' id='word_1_238' title='bbox 1124 3750 1303 3829; x_wconf 66' lang='grc' dir='ltr'><strong><em>Αἰλίῳ</em></strong></span> <span class='ocrx_word' id='word_1_239' title='bbox 1365 3750 1635 3831; x_wconf 84' lang='grc' dir='ltr'><strong><em>Διονυσίῳ</em></strong></span> <span class='ocrx_word' id='word_1_240' title='bbox 1680 3758 1866 3815; x_wconf 85' lang='grc' dir='ltr'><strong><em>κεῖται</em></strong></span> <span class='ocrx_word' id='word_1_241' title='bbox 1913 3749 1978 3815; x_wconf 80' lang='grc' dir='ltr'><strong>τὸ</strong></span> <span class='ocrx_word' id='word_1_242' title='bbox 2021 3752 2367 3834; x_wconf 80' lang='grc' dir='ltr'><strong><em>λυκοφιλί</em></strong></span> <span class='ocrx_word' id='word_1_243' title='bbox 2373 3776 2490 3830; x_wconf 85' lang='grc' dir='ltr'><strong><em>ως,</em></strong></span> <span class='ocrx_word' id='word_1_244' title='bbox 2537 3754 2666 3819; x_wconf 77' lang='grc' dir='ltr'><strong><em>άντὶ</em></strong></span> 
     </span>
     <span class='ocr_line' id='line_1_29' title="bbox 664 3864 2667 3955; baseline 0.002 -26"><span class='ocrx_word' id='word_1_245' title='bbox 664 3871 768 3932; x_wconf 77' lang='grc' dir='ltr'><strong>τοῦ</strong></span> <span class='ocrx_word' id='word_1_246' title='bbox 824 3865 1092 3939; x_wconf 82' lang='grc' dir='ltr'><strong><em>ὑπόπτως</em></strong></span> <span class='ocrx_word' id='word_1_247' title='bbox 1108 3916 1127 3945; x_wconf 88' lang='grc'><strong><em>,</em></strong></span> <span class='ocrx_word' id='word_1_248' title='bbox 1176 3866 1462 3944; x_wconf 84' lang='grc' dir='ltr'><strong><em>ὑπούλως,</em></strong></span> <span class='ocrx_word' id='word_1_249' title='bbox 1520 3864 1581 3941; x_wconf 74' lang='grc' dir='ltr'><strong>ὃς</strong></span> <span class='ocrx_word' id='word_1_250' title='bbox 1636 3868 1794 3950; x_wconf 83' lang='grc' dir='ltr'><strong><em>φέρει</em></strong></span> <span class='ocrx_word' id='word_1_251' title='bbox 1839 3868 1937 3933; x_wconf 76' lang='grc' dir='ltr'><strong>καὶ</strong></span> <span class='ocrx_word' id='word_1_252' title='bbox 1983 3870 2309 3952; x_wconf 70' lang='grc' dir='ltr'><strong><em>Μενάνδρου</em></strong></span> <span class='ocrx_word' id='word_1_253' title='bbox 2351 3878 2556 3952; x_wconf 78' lang='grc' dir='ltr'><strong><em>χρῆσιν</em></strong></span> <span class='ocrx_word' id='word_1_254' title='bbox 2603 3870 2667 3955; x_wconf 88' lang='lat' dir='ltr'><strong>(l.</strong></span> 
     </span>
     <span class='ocr_line' id='line_1_30' title="bbox 666 3972 2663 4075; baseline 0.004 -28"><span class='ocrx_word' id='word_1_255' title='bbox 666 3985 840 4068; x_wconf 76' lang='grc' dir='ltr'><strong><em>ῥῆσιν)</em></strong></span> <span class='ocrx_word' id='word_1_256' title='bbox 884 3983 1135 4059; x_wconf 76' lang='grc' dir='ltr'><strong><em>ταύτην·</em></strong></span> <span class='ocrx_word' id='word_1_257' title='bbox 1186 3987 1556 4066; x_wconf 86' lang='grc' dir='ltr'><strong><em>,,λυκοφίλιοι</em></strong></span> <span class='ocrx_word' id='word_1_258' title='bbox 1605 3972 1718 4064; x_wconf 82' lang='grc' dir='ltr'><strong>μέν</strong></span> <span class='ocrx_word' id='word_1_259' title='bbox 1757 3989 1892 4052; x_wconf 81' lang='grc' dir='ltr'><strong><em>εἰσιν</em></strong></span> <span class='ocrx_word' id='word_1_260' title='bbox 1937 3989 2000 4052; x_wconf 85' lang='grc' dir='ltr'><strong>αἱ</strong></span> <span class='ocrx_word' id='word_1_261' title='bbox 2045 3988 2438 4067; x_wconf 72' lang='grc' dir='ltr'><strong><em>διαλλαγαί.”</em></strong></span> <span class='ocrx_word' id='word_1_262' title='bbox 2498 3989 2663 4075; x_wconf 83' lang='lat' dir='ltr'><strong>(Vid.</strong></span> 
     </span>
     <span class='ocr_line' id='line_1_31' title="bbox 666 4100 2668 4191; baseline 0.003 -26"><span class='ocrx_word' id='word_1_263' title='bbox 666 4100 963 4166; x_wconf 88' lang='lat' dir='ltr'><strong>Meinekii</strong></span> <span class='ocrx_word' id='word_1_264' title='bbox 1006 4101 1232 4168; x_wconf 88' lang='lat' dir='ltr'><strong>Comic.</strong></span> <span class='ocrx_word' id='word_1_265' title='bbox 1280 4104 1492 4189; x_wconf 86' lang='lat' dir='ltr'><strong>fragm.</strong></span> <span class='ocrx_word' id='word_1_266' title='bbox 1541 4105 1658 4169; x_wconf 85' lang='lat' dir='ltr'><strong>vol.</strong></span> <span class='ocrx_word' id='word_1_267' title='bbox 1707 4103 1818 4183; x_wconf 85' lang='lat' dir='ltr'><strong>IV,</strong></span> <span class='ocrx_word' id='word_1_268' title='bbox 1867 4128 1926 4190; x_wconf 89' lang='lat' dir='ltr'><strong>p.</strong></span> <span class='ocrx_word' id='word_1_269' title='bbox 1955 4109 2034 4172; x_wconf 80' lang='grc'><strong>27</strong></span> <span class='ocrx_word' id='word_1_270' title='bbox 2044 4109 2125 4191; x_wconf 87' lang='grc'><strong>9).</strong></span> <span class='ocrx_word' id='word_1_271' title='bbox 2186 4106 2372 4187; x_wconf 76' lang='lat' dir='ltr'><strong>Quod</strong></span> <span class='ocrx_word' id='word_1_272' title='bbox 2394 4107 2668 4172; x_wconf 86' lang='lat' dir='ltr'><strong>Platonis</strong></span> 
     </span>
     <span class='ocr_line' id='line_1_32' title="bbox 668 4219 2668 4311; baseline 0.003 -28"><span class='ocrx_word' id='word_1_273' title='bbox 668 4219 849 4284; x_wconf 86' lang='lat' dir='ltr'><strong>verba</strong></span> <span class='ocrx_word' id='word_1_274' title='bbox 891 4221 1104 4285; x_wconf 87' lang='lat' dir='ltr'><strong>Aelius</strong></span> <span class='ocrx_word' id='word_1_275' title='bbox 1150 4244 1272 4285; x_wconf 90' lang='lat' dir='ltr'><strong>non</strong></span> <span class='ocrx_word' id='word_1_276' title='bbox 1311 4224 1545 4301; x_wconf 87' lang='lat' dir='ltr'><strong>attulit,</strong></span> <span class='ocrx_word' id='word_1_277' title='bbox 1589 4222 1730 4287; x_wconf 91' lang='lat' dir='ltr'><strong>inde</strong></span> <span class='ocrx_word' id='word_1_278' title='bbox 1770 4223 1924 4287; x_wconf 86' lang='lat' dir='ltr'><strong>effici</strong></span> <span class='ocrx_word' id='word_1_279' title='bbox 1952 4224 2140 4287; x_wconf 86' lang='lat' dir='ltr'><strong>nolim</strong></span> <span class='ocrx_word' id='word_1_280' title='bbox 2173 4225 2485 4311; x_wconf 84' lang='lat' dir='ltr'><strong>epistolam</strong></span> <span class='ocrx_word' id='word_1_281' title='bbox 2510 4226 2668 4290; x_wconf 87' lang='lat' dir='ltr'><strong>hanc</strong></span> 
     </span>
    </p>
   </div>
  </div>
 </body>
</html>
