3092 5084
1361 509 1442 570 23

487 720 763 804 Epistola
824 719 914 782 VI
975 715 1050 781 ad
1109 727 1230 781 tres
1287 719 1568 802 juveneS,
1620 716 1929 779 Hermiam
1947 765 1965 793 ,
2014 715 2297 778 Erastum
2345 723 2406 778 et

396 837 746 914 Coriscum,
811 857 962 920 quos
1009 837 1304 900 amicitiae
1347 841 1408 899 et
1455 834 1801 898 studiorum
1846 833 2091 896 vinculo
2134 833 2294 897 inter
2341 857 2408 898 se

392 955 715 1018 conciliare
775 954 1014 1031 studet,
1053 960 1138 1016 -et
1195 953 1324 1026 „Xm”
1370 952 1446 1016 ad
1496 951 1917 1015 Aristodorum
1963 951 2179 1016 missae
2226 953 2401 1034 quasi

394 1073 671 1157 exemplo
718 1072 1076 1150 ostendunt,
1127 1073 1291 1156 quod
1339 1072 1593 1155 scriptor
1638 1071 1945 1155 Epistolae
1987 1069 2117 1133 VII
2141 1070 2400 1134 Dionem

391 1191 538 1254 facit
598 1191 672 1254 de
733 1191 984 1254 Platone
1044 1191 1522 1275 praedicantem,
1574 1190 1741 1272 quod
1786 1190 2011 1255 valeret
2064 1191 2246 1255 πειθοῖ
2284 1190 2401 1266 ,αρέ-

394 1325 578 1374 λιστα
623 1312 935 1389 ἀνθρώπους
981 1307 1128 1381 νέους
1205 1310 1269 1372 πὶ
1317 1309 1398 1373 τὰ
1441 1309 1646 1384 ἀγαθὰ
1690 1309 1785 1372 καὶ
1834 1309 2029 1372 δίκαιοι
2076 1309 2399 1388 προτρέπων

395 1430 474 1498 εἷς
521 1429 728 1509 φιλίαν
776 1453 842 1492 τε
887 1428 986 1492 xx}
1033 1429 1310 1504 ἑταιρείαν
1341 1429 1620 1500 damma:
1651 1428 1991 1490 καθιστάναι
2024 1429 2105 1510 (Ρ.
2142 1429 2268 1488 328
2295 1426 2395 1508 D).

392 1545 469 1609 In
533 1557 794 1629 utraque
852 1547 1245 1610 inveniuntur
1289 1545 1622 1611 sententiae
1668 1566 1823 1628 quae
1868 1545 1933 1607 in
1978 1543 2106 1606 VII
2154 1566 2397 1628 quoque

391 1675 542 1728 sunt
603 1665 831 1728 obviae.
926 1665 1022 1728 Ita
1083 1665 1400 1742 Hermiae,
1457 1664 1668 1748 juveni
1729 1663 1955 1741 nobili,
2003 1673 2075 1726 ut
2119 1662 2393 1742 videtur,

393 1791 453 1846 et
501 1806 646 1846 suae
693 1784 951 1846 civitat-is
1000 1783 1290 1866 principi,
1338 1782 1493 1845 nihil
1539 1781 1732 1866 pluris
1765 1781 2207 1845 aestimandum
2233 1805 2400 1866 prae-

390 1901 542 1984 cipit
588 1903 620 1976 ἢ
675 1904 886 1975 πλῆθος
937 1902 1126 1983 φίλων
1185 1901 1445 1978 βεβαίων
1479 1925 1557 1964 ,τε
1605 1900 1701 1964 καὶ
1754 1897 1875 1975 ἦθος
1923 1899 2173 1979 ἐχόντων
2219 1901 2394 1977 ὑγιές.

386 2020 562 2084 Idem
611 2021 826 2084 suadet
870 2020 984 2104 Ep.
1033 2019 1194 2097 VII,
1243 2043 1300 2104 p.
1351 2022 1477 2084 331
1526 2019 1579 2081 E
1622 2026 1680 2082 et
1736 2022 1862 2083 332
1922 2017 1991 2082 C.
2088 2019 2394 2083 Notabilis

390 2161 639 2222 quoque
669 2161 819 2202 usus
851 2138 1129 2202 vocabuli
1161 2139 1336 2218 κύριος
1369 2161 1428 2222 Ρ.
1465 2139 1591 2201 323
1636 2137 1683 2201 G
1707 2137 1765 2201 D
1790 2137 1855 2200 in
1879 2137 2107 2216 πατέρα
2130 2138 2308 2217 κύριον
2336 2144 2396 2202 et

389 2261 641 2338 χρῆσθαι
699 2257 935 2338 ξυνθήκῃ
994 2263 1090 2321 xxi
1156 2261 1304 2336 νόμῳ
1357 2257 1545 2334 κυρίῳ,
1604 2255 1769 2339 (111οᾶ
1816 2278 2007 2339 aeque
2052 2257 2393 2339 quaesitum

389 2382 577 2459 atque
625 2375 738 2460 Ep.
787 2375 976 2454 VIII,
1026 2400 1084 2461 p.
1135 2378 1262 2440 354
1302 2375 1384 2439 G:
1419 2375 1584 2452 νόμος
1615 2376 1805 2450 ἐπειδὴ
1828 2376 2009 2457 κύριος
2032 2376 2258 2452 ἐγένετο
2282 2376 2389 2452 βαι·

386 2495 582 2562 mein,-
627 2500 737 2560 τῶν
782 2495 1094 2575 ἀνθρώπων.
1187 2495 1466 2578 Utroque
1510 2495 1645 2557 loco
1690 2494 1754 2558 id
1796 2517 2039 2579 prorsus
2070 2495 2391 2559 redundat.

479 2611 764 2676 Ceterum
827 2634 986 2677 unus
1041 2620 1130 2675 est
1174 2613 1340 2676 locus
1385 2613 1450 2675 in
1496 2612 1611 2697 Ep.
1660 2611 1779 2690 VI,
1841 2613 1905 2676 in
1959 2635 2079 2696 quo
2136 2615 2397 2698 graviter

389 2730 773 2794 offenderunt
816 2731 928 2794 viri
975 2730 1169 2809 docti,
1216 2731 1507 2794 nimir-um
1553 2730 1700 2794 haec
1750 2753 1903 2814 quae
1934 2733 1999 2795 in
2036 2733 2155 2795 fine
2185 2732 2395 2817 legun-

392 2857 529 2911 tur:
594 2849 690 2913 τὸν
749 2855 859 2912 τῶν
919 2850 1150 2914 πάντων
1211 2849 1327 2912 θεὸν
1371 2850 1464 2912 καὶ
1513 2849 1771 2925 ἦγέμονικ
1814 2855 1925 2914 τῶν
1974 2875 2037 2914 τε
2082 2849 2250 2914 ὄντων
2296 2851 2393 2914 καὶ

391 2969 722 3044 μελλόντων
740 3019 756 3042 ,
805 2973 904 3031 τοῦ
950 2993 1016 3032 τε
1063 2969 1334 3044 ἧγέμονος
1381 2969 1478 3030 καὶ
1526 2968 1708 3031 αἰτίου
1754 2967 1984 3047 πατέρα
2006 2967 2189 3047 ’κύριον
2220 2971 2398 3043 ἐπομ-

391 3087 631 3156 νύνταςε
696 3107 850 3168 (11130
903 3085 1366 3149 Tennemannus
1413 3084 1633 3168 aliique
1680 3108 1715 3148 a
1760 3084 2105 3149 Christiano
2153 3086 2397 3150 homine

393 3211 602 3268 assuta
648 3226 775 3267 esse
821 3203 1205 3267 crediderunt
1249 3203 1346 3287 (cf.
1397 3204 1530 3266 Ast.
1580 3226 1639 3288 p.
1698 3205 1867 3287 511).
1960 3202 2102 3267 Sine
2132 3204 2395 3281 ratione,

391 3323 624 3406 opinor.
717 3321 812 3386 De
858 3322 972 3384 hoc
1017 3328 1220 3384 autem
1264 3321 1421 3384 infra
1467 3327 1709 3384 acturus
1756 3343 1909 3384 sum.

483 3440 617 3504 Hae
681 3441 873 3524 igitur
939 3438 1227 3525 epistolae
1287 3462 1438 3523 quas
1498 3439 1822 3502 memoravi
1883 3439 1936 3502 si
2002 3461 2141 3503 cum
2204 3438 2397 3502 Vllum

392 3559 816 3638 conferuntur,
881 3561 968 3622 ita
1021 3581 1160 3622 cum
1222 3559 1333 3621 hac
1395 3559 1754 3644 conjunctae
1814 3563 1992 3635 sunt,
2051 3566 2122 3620 ut
2138 3608 2155 3634 ,
2228 3556 2394 3640 quod

391 3677 556 3741 idem
617 3700 801 3762 supra
855 3677 931 3740 de
974 3675 1251 3760 Epistola
1296 3675 1388 3740 IV
1431 3676 2001 3753 animadvertimuS‚
2051 3698 2180 3738 eam
2229 3674 2399 3738 velut

395 3797 696 3882 explicent
743 3804 804 3860 et
847 3793 1234 3880 amplificent.

484 4033 681 4096 Aliter
724 4038 1100 4117 comparatae
1145 4040 1290 4095 sunt
1335 4054 1438 4095 030
1483 4054 1639 4115 (11130
1669 4039 1933 4108 restant,
1973 4030 2281 4115 Epistolae
2305 4030 2399 4093 XI

398 4160 457 4214 et
483 4151 662 4228 XII,
713 4173 867 4235 quae
914 4157 1268 4234 argumento
1316 4156 1376 4213 et
1421 4151 1693 4214 oratione
1739 4172 1846 4235 pro
1893 4158 2061 4234 parte
2106 4148 2398 4234 Epistolis‘

401 4269 430 4333 I
477 4277 531 4334 et
579 4268 743 4332 XIII
789 4269 1166 4353 aequiparari
1212 4276 1485 4353 possunt.
