3092 5084
1390 454 1510 517 127

423 668 685 737 cuntur,
753 660 902 745 ipsis
970 660 1167 724 verbis
1237 682 1517 745 expressa
1580 681 1652 722 ex
1709 681 1889 744 opere
1957 660 2032 723 de
2078 661 2450 746 Republica,

422 802 492 842 ea
554 780 869 843 concinere
935 801 1075 842 curn
1124 778 1421 862 temporis
1468 777 1696 841 indicio
1744 801 1818 841 ex
1864 778 2298 843 Ecclesiazusis
2354 803 2454 865 pe-

422 898 598 983 tito,¹
636 906 708 960 ut
742 896 1027 961 'alterum
1088 896 1510 962 testimonium
1576 896 1750 959 alteri
1797 897 2038 981 pondus
2103 898 2322 961 addere
2373 900 2453 961 vi-

422 1015 658 1078 deatur.
752 1014 834 1077 Et
891 1037 1012 1098 quo
1061 1015 1263 1077 minus
1312 1014 1596 1098 equidem
1644 1014 1882 1078 credam
1930 1015 2247 1080 Platonem
2281 1028 2450 1081 Πολι-

418 1136 581 1197 τείικν
628 1133 941 1216 evulgasse
988 1141 1129 1217 post
1173 1132 1399 1196 editam
1432 1132 1601 1211 illam
1635 1133 2041 1211 comoediam,
2075 1156 2199 1197 non
2232 1158 2447 1219 parum

420 1254 582 1337 apud
636 1277 733 1317 me
779 1254 941 1317 valet
981 1253 1146 1336 quod
1191 1253 1716 1337 Morgensternius
1756 1241 2185 1317 animadvertit
2229 1257 2312 1339 (p.
2365 1258 2442 1319 77

415 1376 607 1456 not.)‚
657 1373 756 1435 vix
804 1372 1090 1436 credibile
1131 1372 1247 1435 sibi
1278 1372 1469 1435 videri
1503 1371 1710 1435 dicens
1729 1420 1747 1449 ‚
1783 1365 2181 1456 posteaquam
2213 1374 2448 1439 Aristo-

416 1490 647 1574 phanes
720 1490 1025 1553 civitatem
1070 1490 1298 1553 talibus
1345 1490 1586 1575 legibus
1634 1490 1699 1554 in
1762 1513 1942 1554 scena
1986 1491 2246 1568 risisset,
2305 1491 2440 1555 Pla-

412 1614 621 1671 tonem
668 1607 977 1672 editurum
1024 1608 1211 1672 fuisse
1260 1631 1447 1694 OPUS,
1503 1610 1568 1672 in
1615 1631 1737 1692 quo
1771 1609 1981 1673 eadem
2016 1633 2110 1673 res
2144 1618 2444 1694 tanquam

414 1749 570 1789 nova
618 1728 772 1791 serio
819 1735 1200 1791 tractaretur.

507 1845 582 1909 In
643 1846 761 1909 hoc
821 1846 1016 1931 igitur
1056 1846 1335 1931 Epistola
1381 1868 1593 1909 verum
1640 1847 1860 1910 referre
1906 1846 2150 1910 videtur
2164 1873 2183 1925 ς
2239 1846 2440 1909 minus

411 1986 551 2027 vero
614 1965 925 2049 probabile
988 1948 1113 2042 est,
1182 1965 1345 2047 quod
1393 1965 1623 2029 ibidem
1672 1973 2070 2043 memoratur,
2119 1966 2440 2031 Platonem

400 2085 633 2173 semel,
689 2087 951 2162 iterum,
1001 2086 1181 2148 tertio
1228 2086 1287 2147 in
1339 2084 1610 2149 Siciliam
1659 2086 1998 2169 profectum
2046 2109 2174 2149 esse
2207 2108 2436 2171 caspe,

404 2204 532 2267 fore
564 2212 636 2267 ut
683 2205 964 2288 Dionysii
977 2206 982 2210 ”
1002 2227 1116 2288 ope
1154 2204 1459 2268 civitatem
1506 2204 1947 2289 Syracusanam
1978 2206 2043 2267 in
2075 2205 2260 2268 talem
2295 2228 2438 2289 qua-

400 2321 517 2385 lem
567 2322 632 2385 in
678 2323 783 2385 illo
824 2345 1004 2407 opere
1049 2324 1367 2408 descripsit
1400 2323 1696 2387 πολιτείκν
1728 2324 2156 2387 transformare
2206 2331 2430 2408 posset.

404 2440 535 2503 Etsi
606 2444 765 2505 enim
821 2442 1108 2506 credibile
1178 2450 1269 2507 cst
1350 2442 1670 2506 Platonem
1739 2464 1865 2505 non
1934 2442 2282 2527 desperasse
2354 2442 2431 2505 de

398 2560 789 2624 emendandis
838 2562 1185 2625 civitatibus
1204 2611 1221 2639 ,
1272 2584 1533 2645 eumque
1580 2560 1904 2625 itineribus
1954 2561 2019 2623 in
2060 2560 2330 2625 Siciliam
2363 2560 2429 2623 id

396 2680 601 2762 ipsum
663 2688 991 2765 spectasse,
1059 2688 1127 2744 ut
1187 2680 1496 2743 meliorem
1559 2680 1838 2745 redderet
1883 2680 2319 2765 Syracusarum
2367 2687 2429 2742 et

392 2796 631 2861 Siciliae
678 2798 1117 2875 conditionem,
1166 2821 1290 2862 non
1337 2807 1541 2862 tamen
1587 2807 1712 2862 tam
1744 2822 1944 2863 rerum
1971 2799 2421 2882 hominumque

397 2917 644 2999 ignarus
694 2918 837 2995 fuit,
887 2924 958 2981 ut
1004 2918 1327 3001 perfectam
1373 2918 1540 2980 illam
1589 2941 1773 3000 quam
1803 2926 2006 2981 mente
2037 2918 2428 2980 informasset

395 3035 655 3098 civitatis
694 3036 1017 3119 imaginem
1050 3058 1257 3120 reapse
1291 3036 1559 3099 effectam
1597 3036 1769 3100 reddi
1802 3059 1978 3120 posse
2013 3044 2254 3119 putaret
2277 3084 2296 3114 ,
2323 3044 2429 3099 aut

394 3154 754 3237 Dionysium
818 3154 1001 3217 talem
1064 3178 1267 3239 regem
1330 3156 1457 3217 fore
1520 3155 1892 3233 confideret,
1941 3156 2126 3218 cuius
2173 3154 2430 3239 imperio
2500 3170 2504 3173 ’

392 3272 630 3349 δύναμις
693 3280 754 3335 et
798 3275 1123 3355 φιλοσοφίαι
1170 3274 1447 3348 velut.in
1502 3298 1694 3338 unum
1747 3275 2082 3350 conflatae,
2139 3282 2211 3337 ut
2242 3273 2426 3348 dicit,

391 3391 670 3482 optimae·
702 3391 960 3453 civitatis
1009 3392 1267 3475 effigiem
1314 3393 1391 3457 ob
1440 3393 1652 3456 oculos
1699 3399 2010 3477 ponerent.
2054 3394 2096 3477 ¹)

459 3664 506 3723 1)
544 3663 648 3711 Etsi
681 3662 821 3711 Plato
858 3663 903 3711 in
942 3664 1200 3727 Republica
1239 3682 1335 3713 nou
1370 3665 1512 3713 semel
1551 3666 1721 3713 asserit
1756 3680 1804 3712 se
1849 3665 1970 3713 haud
2012 3665 2217 3715 ἀδύνατα
2244 3663 2424 3725 fingere

390 3774 447 3847 (e.
482 3774 527 3820 g.
568 3759 661 3815 Vl,
696 3758 792 3805 499
828 3759 902 3806 D:
954 3757 1044 3809 οὐδ’
1086 3764 1221 3824 ἡμεῖς
1250 3760 1453 3811 ἀδὺνατοι
1487 3764 1705 3825 λέγομεν,
1747 3764 1933 3826 χαλεποὶ
1969 3761 2016 3809 δὲ
2065 3762 2140 3809 καὶ
2174 3756 2289 3827 παρ’
2318 3762 2428 3823 ἡμῖν

392 3856 694 3916 ὁμολογεῖται.
749 3853 822 3901 Cf.
880 3855 943 3911 V,
978 3854 1075 3902 456
1131 3854 1239 3915 (3.),
1286 3856 1445 3918 potius
1496 3859 1655 3903 tamen
1708 3856 1952 3903 civitatem
1999 3853 2134 3902 illam
2171 3855 2423 3917 proposuit

390 3952 615 4011 tanquam
650 3950 975 4017 παράδειγμα,
1022 3950 1081 3997 ad
1116 3950 1238 4013 quod
1274 3950 1494 3997 accedere
1530 3952 1866 4013 aliquantenus
1902 3949 2058 3997 liceat.
2095 3950 2168 3997 De
2205 3950 2322 4012 Rep.
2353 3950 2386 3994 V
2408 3998 2420 4016 ‚
2514 3980 2518 3989 ·

389 4058 437 4105 p.
470 4042 566 4094 472
603 4043 674 4090 D:
711 4046 759 4093 τί
792 4041 886 4099 οὗν;
928 4047 977 4093 οὐ
1008 4047 1083 4095 καὶ
1115 4048 1274 4108 ἡμεῖς,
1312 4053 1488 4112 φαμέν,
1544 4046 1848 4113 παράδειγμα
1881 4048 2118 4107 ἐποιοῦμεν
2151 4046 2266 4109 λόγῳ
2301 4048 2425 4106 ἀγα-

389 4140 465 4195 θῆς
512 4140 705 4195 ‘adhc-153
737 4144 861 4189 Πάνυ
892 4158 959 4201 γε.
1020 4134 1189 4190 Ἠττον
1218 4160 1265 4189 τι
1298 4138 1372 4190 οὖν
1402 4144 1484 4189 οἴει
1520 4144 1646 4203 ἡμᾶς
1681 4137 1731 4189 εὖ
1768 4142 1908 4201 λέγειν
1943 4141 2110 4189 τούτου
2149 4142 2306 4194 ἕνεκα,
2349 4142 2425 4186 ἐὰν

390 4240 457 4295 μὴ
498 4238 678 4299 ἔχωμεν
702 4234 941 4291 ἀποδεῖξαι
957 4272 971 4298 ,
1016 4238 1075 4291 ὡς
1109 4235 1287 4285 δυνατὸν
1320 4234 1436 4284 οὕτω
1470 4238 1596 4294 πόλιν
1625 4238 1800 4291 οἰκῆσαι
1838 4236 1895 4289 ὡς
1933 4220 2136 4297 (Mysi-03
2174 4237 2236 4281 Οὐ
2271 4234 2418 4293 δῆτα,
