3092 5084
1643 490 1720 550 76

676 692 1040 757 vocabulum
1102 694 1299 773 πορείοι
1360 694 1435 757 de
1487 695 1848 778 migratione
1897 695 1973 758 ad
2017 696 2242 760 inferos
2289 696 2532 760 Platoni
2579 698 2689 759 fre-

678 832 901 892 quens3
950 811 1072 874 vid.
1120 809 1266 875 ibid.
1316 834 1375 895 p.
1431 814 1552 873 115
1604 813 1694 875 A:
1743 810 1884 877 οὕτω
1931 814 2212 897 περιμένει
2252 816 2354 888 τὴν
2383 816 2462 884 εἷς
2487 814 2688 879 “maon

677 928 923 1007 πορείαν.
994 928 1221 992 Contra
1264 929 1517 993 verbum
1562 938 1774 994 νοστεῖν
1820 932 2127 1015 poeticum
2173 939 2265 995 est
2302 954 2412 995 1150
2443 932 2687 996 Platoni

677 1048 869 1131 magis
903 1070 1088 1131 quam
1112 1048 1325 1111 ceteris
1355 1048 1579 1111 Atticis
1612 1048 1929 1113 usitatum.
1983 1049 2216 1113 Ultima
2245 1050 2426 1114 verba
2457 1048 2688 1123 πάντως

677 1174 968 1245 πανταχῆ
1032 1173 1178 1228 sunt
1237 1166 1457 1229 inutile
1520 1165 2003 1231 additamentum
2063 1167 2158 1231 vel
2220 1168 2424 1253 potius
2473 1188 2692 1231 sonora

678 1284 951 1348 clausula
996 1284 1296 1348 tumidam
1343 1284 1661 1368 periodum
1708 1291 1846 1369 apte
1896 1285 2128 1349 finiens·

764 1520 965 1583 Locus
1036 1543 1217 1604 quem
1277 1521 1528 1584 tractavi
1591 1521 1934 1605 exemplum
1999 1528 2088 1585 est
2151 1520 2391 1585 dicendi
2452 1521 2688 1605 generis

676 1640 1065 1723 grandiloqui
1080 1668 1099 1718 ς,
1162 1648 1308 1703 sunt
1368 1640 1497 1718 alii,
1561 1640 1627 1703 in
1675 1640 1898 1724 quibus
1947 1640 2202 1725 scriptor
2247 1640 2522 1704 Platonis
2570 1640 2686 1703 ele-

674 1758 944 1841 gantiam
992 1765 1052 1821 et
1094 1764 1475 1821 venustatem
1527 1758 1595 1822 in
1639 1757 2149 1843 descriptionibus
2197 1767 2258 1822 et
2304 1757 2682 1821 sermonibus

676 1876 934 1939 affectat.
1026 1875 1367 1940 Eiusmodi
1407 1882 1498 1940 est
1559 1877 1728 1941 locus
1779 1877 1887 1960 qui
1929 1877 2157 1977 legitur
2202 1900 2260 1961 p.
2319 1879 2442 1941 347
2497 1883 2647 1940 extr.
2668 1925 2706 1953 ,.

677 1995 785 2079 qui
829 1995 974 2058 huic
1017 1994 1421 2079 disputationi
1468 1995 1870 2080 colophonem
1913 1996 2206 2080 imponat.

762 2112 1043 2176 Laudata
1096 2120 1187 2177 est
1249 2113 1323 2177 ab
1385 2112 1666 2178 omnibus
1727 2092 2057 2177 dramatica
2100 2113 2374 2177 Platonis
2421 2136 2515 2176 ars
2563 2134 2684 2196 qua

674 2232 741 2293 in
788 2231 1044 2315 dialogis
1090 2231 1523 2316 componendis
1569 2254 1718 2295 usus
1765 2238 1872 2295 est.
1945 2230 2267 2315 Colloquia
2312 2254 2559 2315 prorsus
2607 2230 2684 2293 ad

678 2348 1143 2413 similitudinem
1190 2350 1501 2413 familiaris
1551 2350 1709 2413 vitae
1757 2357 1817 2413 et
1847 2350 2306 2414 consuetudinis
2339 2350 2685 2415 Atticorum

676 2476 821 2531 sunt
860 2468 1232 2552 composita3
1282 2491 1575 2554 personae
1618 2468 1706 2531 ita
1735 2470 2075 2553 pinguntur
2106 2476 2178 2532 ut
2209 2491 2419 2532 eorum
2448 2490 2646 2532 mores
2666 2518 2685 2545 ‚

676 2608 887 2649 sensus
936 2594 997 2649 et
1044 2586 1291 2650 affectus
1340 2586 1514 2670 quasi
1555 2608 1792 2663 cernas3
1841 2586 2011 2649 locus
2042 2586 2172 2671 ipse
2201 2586 2372 2649 velut
2401 2585 2683 2671 praesens

658 2712 817 2789 ‘ante
864 2704 1071 2767 oculos
1118 2704 1385 2788 ponitur.
1451 2704 1694 2784 Quibus
1740 2704 1922 2769 rebus
1969 2704 2251 2769 effectum
2297 2711 2417 2782 est,
2467 2711 2539 2768 ut
2585 2703 2688 2767 So-

678 2824 887 2887 cratici
947 2823 1173 2908 dialogi
1232 2845 1356 2887 11011
1417 2824 1610 2908 magis
1663 2846 1866 2887 rerum
1924 2831 1984 2887 et
2031 2824 2468 2908 cogitationum
2515 2823 2692 2907 copia

682 2964 865 3025 quam
926 2941 1163 3027 poetica
1224 2948 1535 3005 venustate
1597 2941 1720 3004 sint
1778 2942 2045 3026 insignes
2106 2948 2166 3005 et
2216 2963 2341 3006 non
2386 2942 2688 3005 immerito

676 3060 1017 3124 dramatum
1076 3061 1141 3123 in
1204 3082 1525 3124 numerum
1586 3067 2034 3124 accenseantur.
2129 3060 2688 3145 Epistolographus

688 3186 893 3243 noster
930 3180 1114 3242 etiam
1150 3178 1263 3242 hac
1300 3179 1366 3241 in
1405 3185 1574 3263 parte
1612 3177 1886 3241 Platonis
1926 3186 2118 3242 artem
2157 3178 2382 3241 imitari
2413 3178 2678 3242 voluisse

680 3298 937 3361 videtur.
1025 3296 1354 3361 Videamus
1372 3346 1389 3375 ‚
1454 3296 1760 3380 quomodo
1806 3296 1871 3360 id
1917 3297 1971 3359 ei
2018 3297 2390 3361 successerit.
2483 3296 2686 3359 Locus

678 3439 858 3500 quem
919 3415 1181 3480 indicavi
1240 3418 1321 3500 (p.
1372 3418 1495 3480 347
1546 3414 1622 3499 E)
1669 3422 1762 3478 est
1809 3416 2098 3499 epistolae
2146 3416 2320 3499 quasi
2365 3416 2642 3500 epilogus
2659 3466 2678 3493 ,

680 3556 802 3617 quo
850 3534 1210 3611 ostenditur,
1260 3534 1564 3625 quomodo
1605 3533 1882 3597 simultas
1913 3534 2072 3596 inter
2102 3534 2421 3597 Platonem
2453 3540 2513 3597 et
2543 3533 2688 3595 Dio-

682 3653 924 3738 nysium
985 3628 1093 3717 diu
1154 3652 1347 3716 celata
1407 3652 1655 3715 tandem
1704 3652 1772 3715 in
1819 3658 2086 3736 apertam
2131 3652 2512 3716 inimicitiam
2560 3673 2692 3715 eru-

682 3773 856 3857 perit.
927 3773 1195 3857 Scriptor
1239 3773 1397 3836 hanc
1441 3779 1674 3857 partem
1719 3782 2013 3855 tanquam
2063 3778 2400 3835 extremum
2445 3770 2688 3834 fabulae

679 3898 882 3954 actum
928 3892 1136 3976 pulcre
1184 3914 1471 3955 exornare
1518 3891 1777 3954 studuit.

769 4009 966 4089 Μέχρι
1034 4010 1141 4086 μὲν
1201 4010 1266 4083 δὴ
1311 4010 1523 4074 τούτων
1580 4009 1768 4088 ταύτῃ
1827 4032 1920 4085 μοι
1966 4006 2388 4085 βεβοηθημένον
2431 4005 2687 4083 ἐγεγόνει

611 4151 617 4157 ·
682 4130 1006 4210 φιλοσοφίᾳ
1063 4130 1162 4193 xx}
1222 4130 1413 4209 φίλοις
1441 4152 1457 4167 ·
1504 4130 1571 4193 τὸ
1616 4129 1674 4192 δὲ
1717 4128 1878 4205 μετὰ
1928 4135 2129 4193 maa-oa
2173 4127 2384 4207 ἐζῶμεν
2429 4128 2542 4204 ἐγὼ
2588 4127 2685 4191 xx}

686 4246 999 4333 Διονύσιος,
1071 4248 1184 4326 ἐγὼ
1228 4248 1333 4329 μὲν
1378 4248 1617 4325 βλέπων
1659 4244 1765 4323 ἔξω
1824 4245 2084 4327 καθάπερ
2129 4244 2263 4326 ὅρνις
2311 4246 2486 4309 ποθῶν
2525 4246 2687 4310 ποθὲν
