3092 5084
1380 459 1504 517 209

420 669 624 734 limem
698 677 952 732 naturae
1009 665 1248 730 divinae
1310 665 1622 728 notionem
1685 665 1930 728 subesse
1993 666 2436 731 existimarunt.

417 789 701 855 «Iustinus
762 788 1031 872 Martyr,
1096 786 1277 870 Apol.
1342 785 1409 862 I,
1477 787 1558 848 60
1577 835 1596 864 ,
1662 787 1726 850 τὸ
1788 787 2039 866 δεύτερον
2101 787 2442 870 significare

419 909 565 972 vult'
610 907 881 973 Verbum
899 956 918 985 ,
981 906 1047 971 τὸ
1091 905 1275 985 τρίτον
1321 903 1619 989 Spiritum
1633 932 1652 982 3
1701 905 1808 970 alii
1859 905 2054 970 aliter.
2105 906 2270 972 Hinc
2318 907 2444 972 fue-

418 1038 564 1092 runt
611 1028 714 1111 qui
747 1027 903 1091 hanc
935 1025 1251 1110 epistolam
1282 1047 1318 1088 a
1350 1023 1699 1088 Christiano
1735 1025 1981 1090 homine
2016 1028 2443 1091 concinnatam

418 1153 527 1210 aut
572 1144 999 1229 interpolatam
1052 1143 1457 1208 crediderunt.
1554 1143 1679 1206 Alii
1727 1151 1947 1208 contra
1993 1167 2024 1208 e
2069 1145 2444 1210 Judaeorum

420 1265 624 1329 schola
672 1263 1085 1328 Alexandrina
1139 1263 1255 1326 hoc
1304 1262 1596 1347 placitum
1647 1261 1988 1328 derivatum
2039 1286 2165 1326 esse
2211 1266 2446 1349 opinati

420 1391 582 1447 sunt.
661 1382 855 1447 Locos
902 1390 1027 1446 tam
1072 1389 1343 1446 veterum
1392 1404 1575 1466 quam
1621 1383 2028 1456 recentiorum
2075 1384 2182 1466 qui
2216 1383 2290 1447 de
2327 1384 2442 1446 hoc

422 1510 704 1586 egerunt,
748 1503 939 1566 citant
984 1503 1129 1578 Ast,
1178 1499 1447 1564 Platon's
1495 1499 1642 1563 Leb.
1703 1523 1764 1564 u.
1814 1500 1983 1564 Sohr.
2021 1525 2082 1586 p.
2123 1505 2246 1564 510
2275 1511 2403 1566 not.
2423 1553 2440 1582 ‚

423 1620 769 1698 Hermann,
818 1619 971 1684 libro
1018 1618 1185 1682 laud.
1235 1642 1293 1702 p.
1346 1621 1470 1680 593
1505 1627 1634 1682 not.
1672 1621 1830 1696 223,
1883 1627 1940 1682 et
1989 1619 2229 1702 plenius
2283 1621 2445 1683 Wie-

420 1740 610 1824 gand,
660 1739 863 1824 Symb.
914 1738 1063 1802 Crit.
1114 1738 1189 1806 ad
1240 1738 1477 1801 Platon.
1528 1737 1644 1822 Ep.
1695 1737 1798 1814 II,
1848 1761 1906 1822 p.
1969 1740 2040 1800 18
2092 1761 2220 1822 sqq.

508 1859 571 1921 Si
626 1874 825 1921 tamen
875 1859 1006 1942 ipsa
1057 1857 1233 1921 verba
1281 1864 1653 1941 spectamuS,
1705 1879 2091 1941 nequaquam
2141 1858 2335 1942 liquet
2379 1860 2444 1922 τὸ

424 1979 674 2059 δεύτερον
736 1986 795 2042 et
855 1979 919 2042 τὸ
980 1959 1162 2056 ‘spii-ov
1210 1999 1399 2060 aeque
1461 1982 1644 2059 atque
1697 1975 1852 2039 illud
1901 1976 2066 2059 quod
2116 1977 2181 2041 τὸ
2230 1982 2444 2054 πρῶτον

398 2098 697 2162 'nominat
760 2097 835 2159 ad
900 2096 997 2159 dei
1043 2103 1320 2159 naturam
1372 2095 1600 2158 referri.
1673 2093 1842 2158 Dicit
1887 2118 1951 2158 se
1998 2095 2442 2180 explicaturum

424 2219 545 2294 περὶ
604 2225 707 2288 τῆς
756 2220 855 2280 τοῦ
906 2215 1124 2294 πρώτου
1180 2215 1445 2296 φύσεωςε
1496 2214 1561 2276 τὸ
1609 2219 1822 2289 πρῶτον
1871 2213 1986 2277 hoc
2018 2213 2282 2278 declarat
2317 2235 2445 2276 esse

423 2335 518 2400 τὸν
596 2333 827 2398 πάντων
903 2332 1165 2410 βασιλέα
1238 2332 1336 2396 καὶ
1416 2331 1592 2396 αἴτιον
1674 2332 1946 2396 ἁπάντων
2029 2339 2140 2396 τῶν
2211 2337 2437 2396 καλῶνε

427 2452 644 2516 deinde
701 2451 844 2514 huic
906 2459 1197 2534 tanquam
1262 2451 1546 2514 inferiora
1594 2449 1916 2534 subjungit
1960 2450 2025 2514 τὸ
2077 2450 2328 2532 δεύτερον
2385 2460 2444 2513 et

426 2572 490 2636 τὸ
549 2571 731 2650 τρίτον
755 2623 771 2642 ,
842 2592 995 2654 quae
1056 2569 1175 2633 tria
1238 2568 1419 2631 simul
1454 2568 1814 2631 ‘conficiunt
1859 2591 1928 2631 ea
1975 2590 2132 2652 quae
2186 2571 2248 2632 in
2303 2568 2447 2653 Epi-

428 2690 584 2752 stola
643 2688 772 2753 VH
832 2691 914 2774 (p.
964 2692 1093 2752 344
1142 2687 1221 2771 D)
1282 2689 1364 2752 τοὶ
1424 2687 1550 2766 περὶ
1614 2686 2048 2766 <Ducem—&xpm
2093 2689 2190 2751 κοιὶ
2241 2694 2442 2779 πρῷα-οι

427 2807 829 2893 appellantur.
922 2807 961 2870 J
964 2830 1059 2871 am
1122 2807 1184 2869 in
1248 2807 1342 2869 his
1406 2806 1602 2869 tribus
1667 2804 1820 2868 nihil
1885 2812 1975 2867 est
2027 2804 2193 2888 quod
2241 2827 2362 2868 non
2411 2827 2446 2867 a

425 2925 680 2989 Platone
728 2925 1065 2990 derivatum
1112 2924 1369 2988 videtur.
1444 2924 1768 3008 Scriptoris
1817 2923 2008 2986 menti
2056 2922 2444 2987 obversatum

428 3071 555 3112 esse
618 3047 795 3111 credo
859 3047 1062 3111 locum
1123 3046 1289 3110 hunc
1347 3045 1503 3108 Tim.
1568 3067 1626 3128 p.
1680 3047 1760 3106 52
1810 3045 1900 3106 A:
1947 3043 2328 3120 ὁμολογητέον
2375 3041 2445 3106 ἓν

427 3169 534 3245 μὲν
601 3163 741 3231 ε’ἷνοιι
802 3176 864 3230 τὲ
934 3165 1095 3230 κατὰ
1146 3165 1318 3229 τωῦτ’
1368 3163 1501 3244 ἕχον
1555 3159 1696 3234 εἶδος
1713 3212 1730 3238 ,
1789 3162 2097 3237 ἀγεννητὸν
2153 3161 2251 3226 καὶ
2307 3161 2446 3224 οἰνώ-

427 3287 763 3365 λεθρον,...
824 3285 890 3348 τὸ
937 3284 982 3347 δ’
1015 3283 1305 3360 ὁμώνυμον
1350 3280 1535 3358 ὅμοιόν
1583 3283 1637 3343 τ’
1668 3278 1852 3358 ἐκείνῳ
1899 3279 2252 3361 δεύτερον,
2319 3303 2446 3354 γεν-

404 3406 730 3483 ’νητόν,...
781 3403 1015 3482 τρίτον
1060 3403 1105 3464 δ’
1138 3397 1213 3464 αὖ
1258 3401 1417 3476 γένος
1466 3399 1521 3463 ὃν
1567 3399 1631 3463 τὸ
1677 3407 1781 3473 τῆς
1822 3398 2172 3479 χώρας-ἀεὶ,
2221 3386 2436 3476 φθορὰν

429 3525 489 3586 οὐ
536 3521 1015 3602 προσδεχοζαενον,
1066 3535 1199 3585 κτλ.
1294 3519 1413 3582 Hic
1484 3539 1519 3580 a
1564 3517 1820 3582 Platone
1865 3517 1984 3579 tria
2030 3516 2178 3579 haec
2225 3514 2445 3580 discer-

429 3647 693 3704 nuntur:
764 3641 1029 3723 primum
1080 3639 1146 3703 τὸ
1213 3639 1401 3718 νοητὸν
1420 3689 1437 3712 ‚
1503 3637 1610 3719 qui
1671 3645 1764 3698 est
1819 3633 2085 3698 mundus
2132 3633 2406 3697 idearum
2427 3683 2444 3709 ,

429 3757 761 3821 secundum
810 3759 875 3822 τὸ
908 3757 1199 3836 αἰσθητὸν,
1248 3755 1513 3819 mundus
1558 3752 1942 3838 aspectabilis
1975 3753 2050 3815 ad
2082 3751 2248 3816 illius
2281 3752 2441 3815 simi-

426 3876 747 3968 litudinem
782 3875 1225 3952 conformatae,
1272 3875 1521 3937 tertium
1570 3874 1823 3936 materia
1853 3873 2220 3956 generatim,
2258 3894 2441 3955 quam

429 4005 603 4058 vocat
664 3994 889 4075 μητέρα
950 3993 1167 4064 παντὸς
1223 3994 1491 4065 αἰσθητοῦ
1555 3993 1633 4075 (p.
1689 3994 1767 4052 52
1819 3991 1933 4074 D),
1984 3989 2149 4074 quod
2199 3989 2447 4074 quidem

434 4112 699 4176 medium
762 4113 1006 4196 ponitur
1067 4113 1224 4174 inter
1285 4111 1457 4184 νοητὰ
1520 4117 1581 4172 et
1642 4108 1908 4182 αἰσθητοὶ.
2003 4107 2186 4186 Quod
2245 4116 2447 4170 autem

434 4231 609 4293 Plato
655 4230 741 4294 ibi
764 4230 1027 4314 primum
1077 4230 1285 4314 ponit,
1335 4231 1398 4293 τὸ
1447 4229 1668 4302 vam-hv,
1698 4227 1945 4310 prohoc
1972 4225 2233 4310 epist-ola
2261 4226 2443 4290 habet

2137 4346 2212 4401 14
