3092 5084
1352 509 1473 568 155

388 738 507 785 τες.
557 697 615 798 p.
653 714 779 777 353
833 715 889 776 A
918 712 988 775 B.
1086 699 1319 790 Eodem
1366 719 1645 797 spectant
1691 734 1848 795 quae
1895 712 2156 797 legimus
2188 727 2248 798 p.
2285 715 2415 777 354

387 832 444 895 D
474 859 486 895 :
536 834 583 896 οἱ
628 836 747 911 γὰρ
794 830 897 911 πρὸ
945 838 1235 897 Διονυσίου
1268 830 1365 895 καὶ
1398 830 1726 912 Ἱππαρίνου
1759 829 2036 911 ἄρξαντες
2069 838 2414 897 Σικελιῶται

384 952 519 1030 τόθ’,
578 954 649 1023 ὡς
698 950 897 1033 ᾤοντο,
946 950 1289 1029 εὐδαιμόνως
1335 950 1502 1031 ἔζων,
1552 950 1878 1032 τρυφῶντές
1909 976 1976 1015 τε
2008 952 2106 1015 καὶ
2138 948 2276 1029 ἅμα
2309 951 2409 1032 ἄρ-

385 1094 594 1153 χοντες
614 1091 629 1106 ·
676 1066 727 1135 οἳ
772 1070 869 1134 καὶ
915 1070 1047 1141 τοὺς
1094 1069 1233 1135 δέκα
1278 1070 1644 1149 στρατηγοὺς
1689 1070 2053 1135 κατέλευσαν
2084 1071 2414 1149 βάλλοντες

345 1170 521 1261 ’τοὺς
582 1190 687 1269 πρὸ
750 1190 1074 1261 Διονυσίου,
1138 1190 1300 1254 κατα
1355 1187 1519 1264 νόμον
1579 1188 1778 1254 οὐδένα
1837 1189 2126 1270 κρίναντες
2146 1240 2163 1265 ,
2213 1187 2304 1300 ἵνα
2341 1190 2416 1265 δὴ

389 1308 695 1374 δουλεύοιεν
740 1309 935 1386 μηδενὶ
983 1310 1137 1385 μήτε
1197 1308 1299 1373 σὺν
1344 1308 1469 1388 δίκῃ
1514 1308 1670 1382 μήτε
1727 1306 1878 1387 νόμῳ
1923 1306 2174 1389 δεσπότῃ
2186 1358 2204 1391 ,
2254 1308 2415 1373 ἐλεύ-

390 1429 525 1505 θεροι
558 1427 605 1491 δ’
628 1422 739 1491 εἷεν
769 1426 962 1499 πάντη
994 1426 1227 1498 παντως
1244 1448 1257 1461 ·
1306 1422 1423 1491 ὅθεν
1462 1426 1524 1489 αἱ
1554 1424 1873 1505 τυραννίδες
1908 1426 2164 1501 ε’γένοντο
2197 1429 2414 1497 αὐτοῖς.

482 1542 546 1607 Si
586 1564 1004 1628 comparamus
1038 1542 1149 1606 hos
1181 1540 1379 1620 locOS‚
1415 1550 1666 1627 apparet
1697 1541 1951 1607 eandem
1990 1544 2222 1607 narrari
2253 1524 2413 1621 rem,

392 1670 455 1725 at
518 1661 754 1726 diverso
814 1661 1015 1725 modo·
1104 1660 1185 1723 In
1229 1660 1429 1746 priore
1475 1660 1610 1725 loco
1667 1660 1928 1746 legimus
1946 1711 1963 1739 ‚
2012 1660 2310 1746 Dionysio
2359 1670 2420 1725 et

391 1778 773 1866 Hipparino,
836 1780 1009 1843 alteri
1069 1786 1141 1844 ut
1206 1780 1335 1843 viro
1398 1779 1541 1844 forti
1603 1787 1662 1843 et
1719 1779 1810 1843 rei
1853 1778 2138 1843 militaris
2185 1780 2380 1865 perito
2399 1826 2416 1856 ‚

391 1897 565 1961 alteri
612 1904 684 1961 ut
731 1896 1020 1982 prudenti
1084 1896 1452 1975 consultori,
1515 1896 1836 1982 imperium
1885 1896 2245 1963 mandatum
2291 1918 2421 1963 esse

390 2038 428 2081 a
472 2015 705 2080 civibus
720 2064 739 2094 ,
803 2018 876 2079 ut
933 2039 968 2079 a
1024 2012 1560 2100 Carthagiensium
1607 2012 2021 2081 dominatione
2069 2035 2170 2080 eos
2218 2011 2420 2081 defen-

391 2134 624 2199 derent.
657 2132 736 2198 In
758 2134 1089 2219 posteriore
1113 2140 1321 2199 autem
1344 2134 1622 2217 tyrannis
1650 2132 1928 2218 Dionysii
1949 2140 2096 2199 nata
2121 2155 2250 2199 esse
2275 2133 2419 2198 dici-

390 2261 495 2317 tur
540 2274 573 2317 e
618 2252 880 2317 civitatis
910 2254 1175 2336 ἀναρχία
1191 2304 1210 2327 ,
1249 2263 1443 2338 quum
1474 2254 1636 2319 cives
1650 2304 1668 2331 ,
1702 2254 1932 2339 injuste
1963 2254 2177 2318 occisis
2210 2253 2418 2317 decem

390 2371 685 2450 ducibus,
732 2372 923 2436 nullis
970 2372 1231 2458 amplius
1264 2394 1473 2457 parere
1503 2372 1744 2457 legibus
1774 2372 2021 2438 vellent.
2092 2369 2182 2437 Ut
2212 2380 2414 2437 autem

391 2492 541 2555 haec
585 2491 747 2556 inter
791 2514 854 2555 se
899 2513 1115 2577 parum
1162 2501 1511 2575 congruunt
1526 2541 1546 2570 ,
1618 2492 1706 2556 ita
1765 2512 2154 2578 nequaquam
2201 2513 2416 2556 conve*-

390 2610 573 2679 niunt
632 2626 773 2674 cum
844 2610 919 2673 iis
978 2628 1133 2694 quae
1182 2632 1256 2674 ex
1302 2610 1730 2675 historicorum
1753 2660 1772 2690 ‚
1820 2609 2076 2675 Diodori
2121 2611 2418 2696 imprimis

389 2730 735 2793 narratione
764 2728 1055 2793 discimus
1071 2779 1090 2808 ‚
1126 2730 1233 2814 qui
1261 2746 1387 2794 rem
1427 2730 1513 2793 ita
1543 2737 1778 2809 narrat,
1805 2730 1911 2795 lib.
1945 2728 2131 2809 XIII,
2158 2746 2210 2793 c'.
2243 2732 2418 2793 81-

394 2848 499 2911 96.
604 2846 817 2929 Qnum
878 2846 1340 2933 Carth'agienses
1403 2871 1455 2911 a.
1505 2850 1634 2913 406
1695 2867 1916 2914 novam
1973 2848 2418 2934 expeditionem

393 2967 461 3031 in
508 2964 776 3031 Siciliam
824 2968 1231 3053 suscepissent
1276 2974 1337 3031 et
1381 2967 1596 3032 urbem
1643 2968 2048 3053 Agrigentum
2104 2966 2419 3032 obsidione

396 3085 756 3163 cinxissent,
804 3084 1177 3170 Daphnaens
1224 3086 1449 3170 aliique
1496 3086 1681 3151 duces
1729 3102 1870 3150 cum
1917 3086 2106 3150 classe
2153 3092 2214 3149 et
2259 3107 2411 3150 exer-

398 3204 526 3267 citu
588 3226 623 3267 a
685 3202 1075 3289 Syracusanis
1137 3204 1365 3269 auxilio
1410 3204 1580 3268 missi
1629 3211 1773 3269 sunt
1827 3202 2261 3289 Agrigentinis,
2333 3200 2419 3267 Hi

399 3324 464 3388 in
518 3322 735 3387 urbem
777 3324 1005 3409 recepti
1054 3342 1196 3387 mox
1250 3322 1327 3389 ob
1381 3322 1670 3388 frumenti
1716 3324 1985 3409 inopiam
2045 3329 2234 3387 noctu
2293 3344 2422 3386 una

400 3462 541 3505 cum
618 3440 855 3505 civibus
929 3440 1144 3506 urbem
1215 3442 1599 3525 reliquerunt
1670 3449 1731 3506 et
1789 3438 2172 3505 tradiderunt
2234 3438 2422 3504 hosti·

400 3559 534 3624 bus·
600 3548 752 3624 Inde
798 3546 1121 3645 Syracusas
1175 3561 1396 3624 reversi
1444 3560 1817 3645 Daphnaeus
1858 3562 2111 3646 ejusque
2152 3559 2418 3643 collegae

402 3685 651 3763 propter
709 3676 979 3743 relictam
1036 3668 1250 3743 urbem
1295 3679 1363 3742 in
1409 3679 1698 3742 concione
1744 3678 2107 3764 proditionis
2155 3673 2446 3743 accusati·

405 3803 570 3860 sunt.
664 3793 723 3860 A
792 3796 1155 3881 quibusnam
1202 3797 1451 3861 autem?
1542 3796 1688 3862 Non
1736 3820 1772 3862 a
1814 3796 2274 3882 magistratibus
2325 3796 2421 3861 vel

402 3914 477 3979 ab
507 3914 581 3977 iis
623 3914 726 4000 qui
757 3922 890 3979 ante
929 3916 1267 4001 Dionysium
1296 3916 1601 3998 imperium
1631 3921 1967 3993 tenuerant,
1993 3923 2066 3979 ut
2097 3915 2249 3980 dicit
2278 3914 2424 4000 Epi-

403 4033 559 4097 stola
620 4034 690 4117 (οἱ
750 4033 855 4113 πρὸ
912 4029 1201 4098 Διονυσίου
1260 4025 1601 4121 ἄρξαντες),
1667 4034 1774 4098 sed
1838 4056 1872 4097 a
1917 4034 2214 4110 factione,
2266 4056 2422 4117 quae

404 4151 511 4216 diu
568 4150 725 4215 clam
770 4173 865 4215 res
911 4172 1097 4215 novas
1144 4151 1355 4215 molita
1370 4199 1391 4229 ,
1438 4159 1576 4217 tum
1621 4152 1888 4239 primum
1929 4152 1995 4215 in
2040 4152 2239 4216 lucem
2288 4172 2424 4237 pro-

404 4268 519 4334 diit
535 4318 553 4347 ,
618 4268 916 4353 cuiusque
976 4268 1164 4333 duces
1234 4275 1407 4333 erant
1474 4269 1606 4355 ipse
1673 4269 2004 4359 Dionysius
2071 4276 2135 4338 et
2203 4268 2423 4341 Philis-
