3092 5084
1648 495 1776 556 236

696 699 879 764 vitam
934 707 996 764 et
1041 723 1236 764 mores
1282 699 1570 766 conviciis
1616 701 2148 780 contaminarunt,
2197 725 2334 768 eum
2369 702 2578 788 gulae,
2613 703 2714 766 de·-

695 817 851 884 liciis
898 827 961 882 et
1000 817 1365 904 libidinibus
1409 818 1740 884 indulsisse
1785 814 2074 884 dicentes.

666 916 681 930 ⁸
784 935 1027 1002 Horum
1090 937 1327 1022 primus
1391 907 1513 1002 f'uit
1571 936 2012 1022 Aristophanes
2027 986 2047 1017 ‚
2111 937 2254 1022 qui,
2317 939 2369 1003 si
2430 960 2572 1002 vera
2617 947 2714 1002 est

696 1053 990 1118 Meinekii
1055 1054 1357 1120 sententia
1370 1103 1390 1134 ‚
1428 1055 1475 1139 ¹)
1539 1054 1924 1136 Ἀριστύλλου
1957 1080 1960 1084 ·
1989 1056 2236 1120 nomine
2306 1055 2671 1122 Aristoclem
2689 1106 2708 1135 ‚

692 1171 861 1256 quod
890 1170 1136 1238 Platoni
1180 1195 1404 1238 nomen
1446 1173 1600 1251 fuit,
1649 1172 1788 1238 risit
1813 1173 1882 1238 in
1910 1171 2096 1238 Pluto
2127 1196 2216 1238 vs.
2251 1177 2380 1240 314
2395 1223 2415 1254 ,
2463 1174 2612 1240 item
2643 1175 2709 1239 in

690 1289 1121 1358 Ecclesiazusis
1137 1340 1157 1371 ,
1218 1291 1329 1356 ubi
1373 1291 1753 1356 Platonicam
1798 1293 2106 1358 Πολιτείαν
2151 1293 2216 1358 in
2263 1293 2456 1358 risum
2501 1294 2704 1360 vertit.

690 1408 931 1475 Deinde
974 1409 1289 1495 Epicrates
1305 1459 1323 1487 ,
1373 1410 1483 1494 qui
1497 1459 1517 1489 ,
1565 1417 1724 1475 teste
1770 1410 2121 1488 Athenaeo,
2169 1410 2270 1490 II,
2319 1435 2377 1498 p.
2417 1414 2500 1476 54
2514 1461 2533 1491 ‚
2566 1433 2705 1478 eum

690 1530 757 1594 in
794 1551 1037 1595 scenam
1068 1528 1361 1616 produxit
1382 1529 1570 1614 -gravi
1607 1529 1787 1596 vultu
1826 1529 1902 1594 de
1935 1531 2256 1596 cucurbita
2285 1530 2706 1616 disputantem

690 1670 831 1714 cum
876 1648 1225 1736 Speusippo
1270 1656 1334 1714 et
1377 1648 1759 1714 Menedemo.
1818 1649 1976 1714 Tum
2023 1647 2284 1735 Amphis
2331 1650 2398 1714 in
2443 1649 2704 1716 Dexide-

690 1765 885 1845 mide,
948 1767 1015 1832 in
1078 1789 1201 1852 qua
1260 1765 1471 1832 fabula
1524 1788 1663 1832 eum
1708 1767 1892 1832 refert
1935 1767 2195 1832 istorum
2241 1768 2306 1832 in
2353 1789 2673 1834 numerum
2686 1817 2705 1847 ‚

688 1908 950 1972 quorum
994 1885 1333 1952 affectatam
1364 1885 1486 1950 oris
1516 1885 1828 1950 tristitiam
1859 1885 2020 1952 ridet
2045 1885 2086 1950 J
2089 1886 2362 1952 uvenalis
2378 1935 2398 1966 ‚
2440 1887 2550 1972 q‘ui
2579 1909 2708 1952 cor·

688 2010 907 2090 rugata
962 2026 1197 2090 semper
1249 2003 1449 2070 fronte
1489 1999 1956 2090 'perambulantt
2001 2000 2044 2072 ὦ
2087 2005 2339 2072 Πλοὶτων
2364 2051 2382 2072 .
2411 2055 2427 2072 .
2455 2055 2469 2071 .
2517 2005 2708 2088 ὥσπερ

689 2123 939 2204 κοχλίας
970 2130 1189 2202 σεμνῶς
1220 2123 1471 2205 ἐπηρκὼς
1500 2122 1614 2196 τὰς
1643 2125 1838 2205 ὀφρῦς.
1885 2123 2092 2210 (Diog.
2113 2121 2322 2190 Laert.
2347 2123 2483 2203 III,
2515 2125 2702 2210 §28).

690 2240 959 2307 Maxime
988 2262 1131 2306 vero
1160 2240 1490 2327 exagitavit
1518 2261 1662 2306 eum
1691 2240 1932 2320 Alexis,
1981 2241 2091 2326 qui
2121 2240 2329 2328 plures
2361 2242 2708 2328 composuit

689 2359 959 2438 fabulas,
1006 2381 1270 2444 quarum
1314 2367 1582 2444 quatuor
1626 2359 2022 2426 nominantur
2065 2382 2102 2424 a
2144 2358 2391 2425 Laertio
2421 2359 2528 2425 lib.
2563 2359 2668 2424 ΙΠ
2682 2410 2701 2438 ,

690 2480 727 2565 ᾁ
786 2458 867 2544 27
890 2525 907 2557 ,
976 2479 1303 2556 ’Λγκυλίων
1316 2527 1337 2562 ,
1416 2479 1703 2562 Μεροπίς,
1773 2476 2236 2560 Ὀλυμπιόδωρος
2249 2527 2270 2558 ,
2337 2478 2666 2560 Παροὶωτος
2686 2526 2705 2556 ,

687 2599 755 2665 in
798 2598 1027 2684 quibus
1062 2597 1243 2664 Plato
1288 2619 1427 2664 cum
1470 2597 1602 2664 risu
1637 2605 1907 2664 notatur.
1953 2597 2122 2684 (Vid.
2150 2599 2456 2676 ‘Meineke
2472 2649 2492 2679 ,
2540 2599 2705 2664 Hist.

691 2719 826 2784 crit.
874 2717 1048 2783 Com.
1094 2717 1164 2797 Ι,
1211 2739 1273 2803 p.
1321 2719 1495 2802 380).
1563 2717 1694 2782 Alii
1739 2739 1880 2784 eum
1925 2717 2380 2804 descripserunt
2409 2725 2706 2804 tanquam

689 2837 999 2902 hominem
1062 2835 1311 2904 mollem
1324 2885 1345 2916 ‚
1413 2857 1744 2922 puerorum
1810 2835 2118 2902 amoribus
2170 2835 2450 2902 deditum
2466 2885 2485 2916 ,
2549 2837 2707 2902 eius·

690 2979 811 3042 que
870 2955 1159 3042 discipuli
1215 2955 1636 3042 depinguntur
1679 2963 1754 3021 ut
1797 2955 2212 3022 adolescentes
2258 2955 2408 3021 belli
2450 2961 2513 3020 et
2556 2955 2704 3021 deli-

691 3076 813 3141 cati
826 3125 845 3154 ‚
907 3076 1097 3140 fastus
1144 3096 1215 3140 ac
1261 3073 1593 3160 voluptatis
1636 3075 1830 3160 magis
1876 3095 2061 3159 quam
2106 3073 2532 3162 philosophiae
2579 3083 2708 3140 stu·

691 3193 868 3260 diesi.
962 3193 1106 3259 Huc
1186 3194 1535 3260 referuntur
1615 3214 1824 3258 versus
1889 3192 2162 3279 Ephippi
2219 3192 2286 3258 in
2349 3191 2664 3278 Naufrago
2679 3241 2702 3272 ‚

560 3295 565 3300 ’
691 3313 859 3399 apud
920 3314 1309 3380 Athenaeum
1370 3311 1499 3391 xl,
1563 3335 1626 3398 p.
1687 3314 1812 3378 509
1861 3311 1913 3376 c
1928 3360 1949 3391 ‚
1997 3311 2105 3378 uhi
2159 3311 2524 3380 describitur
2566 3312 2707 3377 aeo-

690 3433 921 3498 leseens
955 3438 1069 3499 τῶν
1112 3431 1180 3510 ἐξ
1222 3432 1618 3510 Ἀκαδημείας
1649 3455 1736 3504 τις
1768 3431 1879 3496 ὑπὸ
1907 3429 2246 3507 Πλάτωνος,

908 3603 911 3608 -
956 3549 1021 3618 εὖ
1064 3551 1170 3629 μὲν
1220 3550 1505 3634 μαχαίρᾳ
1544 3549 1714 3628 ξύστ’
1757 3550 1912 3632 ἔχων
1955 3551 2343 3630 τριχώματα,
2413 3545 2422 3556 ’

957 3668 1021 3736 εὖ
1068 3671 1116 3735 δ’
1139 3669 1458 3743 ὑποκαθιεὶς
1500 3669 1706 3748 ἄτομα
1749 3668 2019 3764 mimam
2063 3669 2220 3747 βάθη
2239 3720 2255 3740 .

956 3787 1023 3857 εὖ
1066 3789 1115 3854 δ’
1136 3790 1194 3855 ἐν
1239 3788 1451 3870 πεδίλῳ
1495 3786 1652 3854 πόδα
1689 3788 1862 3862 τιθεὶς
1901 3786 2192 3869 ὑποξύλῳ,
2228 3788 2357 3854 ατὲ.

782 3909 1045 3975 Cornicis
1107 3908 1301 3994 poetis
1358 3907 1526 3973 haud
1585 3907 1858 3974 mitiores
1918 3907 2193 3972 Platonis
2257 3905 2482 3973 aemuli
2535 3907 2704 3972 fuere

691 4028 1041 4117 philosophi
1086 4027 1396 4093 Socratici.
1457 4025 1636 4091 Licet
1672 4026 1844 4123 ‘enim
1884 4032 2246 4112 exaggerata
2285 4026 2411 4092 sint
2437 4047 2595 4111 quae
2623 4025 2703 4092 de

760 4304 807 4366 l)
842 4303 951 4354 Vid.
985 4318 1153 4369 supra,
1186 4319 1236 4369 p.
1272 4303 1367 4353 125
1402 4317 1476 4368 aq.
