3092 5084
1437 479 1513 538 69

466 707 741 750 normam
805 683 1218 761 instituenda,
1291 683 1415 746 sive
1483 682 1548 746 id
1617 705 1724 767 per
1796 684 1918 748 vim
1988 685 2094 749 fiat
2162 685 2287 748 sive
2354 707 2493 749 con·

465 804 605 868 silio
666 803 888 868 dando..
983 802 1160 868 Adde
1229 801 1392 886 quod
1456 802 1871 884 παραφροσύνη
1934 802 2035 867 hic
2079 803 2353 888 positum
2397 810 2490 868 est

465 945 578 1007 pro
621 921 936 1006 ἀφροσύνη-
963 923 1087 986 sive
1133 922 1353 1000 μανίας
1401 921 1562 986 illud
1607 923 1863 986 amentia
1898 928 1991 986 est
2003 971 2023 1001 ‚
2072 921 2188 986 hoc
2218 921 2457 986 insania
2469 971 2488 1004 ‚

461 1040 633 1124 quod
679 1041 742 1105 h„
775 1041 818 1106 l.
868 1041 1262 1126 significatur.
1333 1038 1494 1106 Sunt
1539 1047 1602 1104 et
1646 1040 1769 1104 alia
1812 1063 1849 1104 a
1877 1039 2135 1104 Platone
2170 1039 2492 1106 desumta:

464 1161 567 1224 οὐκ
627 1157 1209 1242 ἀφοσιωσάμενος
1268 1156 1438 1236 μόνον
1497 1156 1887 1236 ἐπαυσάμην,
1934 1157 1996 1222 h.
2048 1180 2100 1222 e.
2146 1179 2263 1223 mm
2308 1158 2493 1224 obiter

465 1281 720 1354 tantum,
768 1277 936 1360 quari
979 1283 1046 1340 ut
1089 1278 1342 1342 animum
1389 1275 1667 1359 reliqione
1696 1277 1929 1340 solvam.
1976 1274 2155 1340 Plato
2187 1275 2263 1340 de
2293 1275 2485 1364 Legg.

467 1392 597 1472 VI,
650 1395 775 1459 752
823 1394 918 1457 D:
965 1395 1166 1476 φημὶ.
1193 1444 1210 1460 .
1239 1443 1254 1460 .
1301 1402 1555 1475 χρῆναι.
1584 1441 1601 1460 .
1630 1444 1647 1460 .
1706 1396 1791 1473 μὴ
1834 1392 2004 1472 μόνον
2047 1393 2493 1476 ἀφοσιώσασθαι

465 1511 594 1594 περὶ
631 1521 737 1588 τῆς
772 1513 970 1594 χώρας
1007 1509 1072 1588 ἣν
1108 1517 1205 1577 νῦν
1241 1512 1629 1596 κατοικίζετε,
1676 1511 1956 1588 ξυντόνως
1992 1512 2047 1577 δ’
2077 1513 2495 1591 ἐπιμεληθῆναί

463 1631 590 1698 κτὲ.
684 1629 850 1694 Male
897 1635 1102 1695 autem
1149 1629 1433 1696 additum
1478 1629 1853 1709 ε’παυσοίμην.

558 1748 814 1812 Dictum
860 1746 1216 1824 αὐτόκλητος
1259 1748 1354 1813 ἐπὶ
1402 1748 1499 1814 τὸν
1535 1755 1782 1814 τοιοῦτον
1821 1749 1926 1814 οὐκ
1956 1748 2208 1830 ἔρχομαι
2243 1770 2368 1812 11011
2400 1769 2498 1812 va-

463 1874 567 1930 cat
611 1866 818 1950 aliqua
865 1866 1170 1952 superbia.
1216 1865 1492 1930 Petitum
1524 1866 1768 1930 videtur
1798 1889 1872 1931 ex
1902 1889 1973 1930 00
2009 1865 2177 1951 quod
2206 1866 2498 1952 praecipi-

467 1992 574 2048 tur
617 1984 693 2047 de
737 1983 886 2068 Rep.
934 1983 1068 2062 VI,
1117 2007 1178 2069 p.
1227 1986 1355 2048 488
1403 1986 1505 2048 A:
1554 1986 1617 2048 οὐ
1662 1985 1781 2066 γὰρ
1827 1983 1958 2066 ἔχει
2001 1985 2181 2067 φύσιν
2224 2022 2317 2034 —-
2358 1985 2495 2056 τοὺς

468 2103 680 2183 σοφοὺς
725 2100 820 2166 ἐπὶ
870 2101 983 2173 τας
1029 2105 1142 2166 τῶν
1187 2101 1472 2166 πλουσίων
1533 2101 1703 2181 θύρας
1768 2101 1930 2168 ἱέναι.
2022 2100 2142 2166 Sed
2187 2101 2358 2166 aliud
2388 2109 2498 2166 ‘est

470 2225 792 2303 praecepta
851 2217 993 2283 dare
1051 2219 1352 2304 perfectae
1412 2219 1648 2284 civitati
1706 2226 2113 2284 consentanea
2126 2268 2145 2297 ,
2211 2219 2383 2286 aliud
2426 2220 2493 2284 in

471 2337 783 2401 communi
839 2336 1000 2402 vitae
1061 2359 1181 2402 usu
1241 2356 1517 2402 normam
1584 2338 1808 2423 agendi
1875 2338 1993 2404 sibi
2063 2339 2489 2425 praescribere.

457 2454 660 2549 *Quod
705 2461 908 2521 autem
953 2462 1162 2521 noster
1197 2457 1448 2522 omnino
1478 2457 1764 2541 reprobat
1793 2457 1863 2522 τὸ
1900 2455 2211 2539 βιάζεσθαι
2223 2507 2241 2542 ,
2277 2458 2342 2522 in
2372 2458 2492 2522 hoc

471 2596 511 2638 a
551 2574 830 2640 Platonis
875 2575 1180 2640 sententia
1225 2574 1542 2640 aberravit
1557 2623 1577 2654 ,
1638 2582 1802 2640 certe
1847 2598 1973 2640 non
2018 2575 2303 2661 congruit
2348 2598 2493 2640 cum

471 2691 549 2755 iis
594 2713 752 2776 quae
782 2691 960 2757 Plato
1005 2692 1072 2756 in
1100 2691 1362 2757 Politico
1392 2715 1454 2778 p.
1490 2694 1618 2756 296
1653 2692 1957 2758 dicentem
1980 2693 2150 2758 facit
2183 2693 2491 2780 hospitem

469 2810 853 2876 Eleaticum:
901 2811 1192 2897 principis
1240 2817 1302 2876 et
1343 2811 1711 2896 legislatoris
1757 2833 1887 2878 esse
1934 2833 2149 2897 cogere
2160 2860 2181 2890 ,
2238 2811 2291 2876 si
2336 2833 2491 2896 opus

423 2935 434 2950 ⁹
471 2936 600 3013 est,
663 2929 821 2994 cives
868 2928 946 2993 ad
990 2929 1370 2994 honestatem
1415 2928 1772 2994 colendam:
1842 2928 2150 3012 βιάζεσθαι
2197 2930 2363 3010 παρὰ
2408 2929 2490 2996 τοὶ

469 3048 874 3129 γεγραμμένα
916 3048 1015 3112 καὶ
1078 3047 1303 3127 πάτρια
1361 3047 1498 3128 δρᾶν
1543 3045 1716 3128 ἕτερα
1760 3046 2083 3128 δικαιότερα
2124 3047 2227 3114 καὶ
2269 3047 2489 3125 ἀμείνω

468 3164 570 3228 καὶ
617 3164 842 3230 καλλίω
885 3169 997 3230 τῶν
1041 3163 1370 3245 ἔμπροσθεν.
1462 3161 1706 3244 Quodsi
1764 3185 1906 3228 vero
1966 3163 2211 3249 singula
2270 3163 2488 3228 vellem

470 3288 784 3360 excutere,
833 3282 934 3346 vix
979 3282 1161 3346 finem
1204 3280 1556 3346 invenirem.
1619 3281 1891 3346 Attende
1936 3287 2179 3348 tantum
2220 3281 2490 3346 cumula-

471 3398 702 3464 tionem
747 3399 1186 3484 genitivorum:
1234 3399 1376 3477 βιάν
1422 3398 1482 3463 δὲ
1525 3398 1764 3478 πατρίδι
1808 3399 2108 3472 πολιτείας
2144 3399 2489 3478 μεταβολῆς

473 3517 560 3594 μὴ
621 3517 973 3598 προσφέρειν.
1067 3516 1304 3602 Optimi
1362 3517 1688 3602 scriptores
1704 3567 1725 3596 ,
1788 3516 1971 3581 etiam
2030 3517 2209 3582 Plato
2225 3565 2245 3596 ,
2305 3517 2488 3582 talem

475 3634 992 3698 constructionem
1037 3657 1162 3699 11011
1205 3634 1404 3700 vitant
1419 3684 1438 3714 ‚
1487 3635 1594 3700 sed
1642 3634 1807 3719 quod
1837 3635 2024 3699 ceteri
2052 3657 2179 3699 non
2208 3635 2455 3720 fugiunt
2468 3683 2489 3715 ,

473 3751 575 3815 hic
619 3750 697 3814 de
757 3751 1060 3816 industria
1119 3760 1422 3830 sectatum
1483 3752 1719 3818 accedit
1780 3752 1946 3837 quod
1990 3753 2104 3832 βία
2147 3753 2493 3832 μεταβολῆς

478 3869 775 3940 πολιτείας
829 3891 938 3954 pro
981 3869 1175 3948 βίαιος
1220 3869 1516 3944 πολιτείας
1560 3871 1875 3950 μεταβολὴ
1922 3878 2017 3936 est
2070 3894 2215 3936 sane
2262 3872 2494 3956 quaesi-

477 3991 611 4050 tum
673 4008 863 4071 aeque
926 4008 994 4050 ac
1041 3986 1204 4070 quod
1252 4010 1437 4075 supra
1481 3987 1708 4072 legitur
1764 4012 1824 4073 p.
1874 3991 2005 4052 324
2051 3989 2146 4052 B:
2216 3991 2245 4055 ὗ
2288 3987 2491 4068 τρόπος

478 4110 584 4176 τῆς
629 4102 904 4179 γενέσεως
951 4107 1134 4178 αὐτῆς
1182 4106 1308 4187 (τῆς
1354 4105 1643 4190 διανοίας).
